4067 6175
190 299 242 362 su
767 271 1027 364 onesinum.
1048 277 1250 356 osrtmnr.
1766 303 1821 364 ,η

231 406 450 485 &intorem
465 410 859 494 peccatnmmortaienon
874 408 993 473 solum.
1072 409 1103 472 2.
1120 410 1290 486 Hectorea,
1320 414 1347 476 si
1374 413 1494 498 aliquis
1522 417 1616 482 timor
1640 425 1775 486 excusat
1797 425 1817 486 1

189 485 978 625 retrabitdperiectionc3sedetiamiprecepto.
1030 495 1183 582 peccato,
1210 491 1545 588 maxlmdexensaret
1572 497 1669 592 timor
1684 501 1817 576 mortis,

192 578 254 642 flod
269 583 366 637 timor
378 589 443 634 noa
458 565 800 646 retrabttitpnecepto,
810 565 864 630 setl
875 584 911 628 so
925 564 979 637 clm
1032 585 1087 646 qut
1101 567 1217 636 dicitnr
1230 571 1342 631 cadere
1358 589 1390 632 tn
1406 579 1605 637 constantem
1618 594 1733 638 rtrum.
1757 577 1817 642 Sat

191 653 419 736 &perlectione
434 647 530 728 :quia
542 664 640 742 super
653 646 730 707 illud
741 646 977 708 Deuteron‘ttlt
1030 643 1083 708 bic
1109 646 1206 706 timor
1224 665 1287 708 non
1304 650 1430 712 ridetur
1443 670 1620 728 excusare,
1646 656 1724 732 quia
1745 654 1817 718 crint

191 736 258 813 Qui
278 739 324 792 est
343 729 431 790 bomo
447 721 687 808 formidamus,
701 733 729 784 et
742 723 834 784 corde
843 724 978 802 parido.
1032 739 1118 786 mors
1134 741 1173 786 cx
1188 727 1377 789 necessitate
1397 730 1560 793 immineat
1574 735 1735 806 omnibus,
1752 751 1817 796 non

192 821 269 885 eta,
293 808 370 871 dicit
398 806 512 866 Glossa
540 802 621 883 (ord.
650 801 762 883 lsid.):
789 803 886 863 Docet
914 819 980 862 ooo
1032 801 1242 865 videturesse
1257 805 1692 892 timcndallrgotimornon
1709 827 1817 875 encu-

190 907 284 972 pous
296 901 479 1028 pernequam
496 881 719 962 professionem
737 880 980 958 contenplatio-
1033 877 1114 944 said
1153 887 1272 944 cecato.

193 970 245 1033 tiis
261 987 296 1029 os
327 963 448 1026 militie
476 958 653 1040 spiritualis
672 959 829 1036 arripere,
846 959 900 1037 qui
924 958 980 1020 od·
1028 1037 1034 1044 ι
1070 957 1100 1019 3.
1141 963 1283 1034 tartarea,
1300 963 1403 1025 omnis
1417 963 1513 1026 timor
1524 972 1580 1027 aut
1590 971 1638 1029 est
1651 967 1725 1029 malt
1740 970 1816 1030 tem.

191 1047 253 1110 iter
272 1043 390 1108 sudori
401 1039 533 1102 terreris
543 1037 654 1118 opibus
672 1036 872 1116 pertimescit.
893 1037 979 1118 Ergo
1030 1038 1164 1114 poralis,
1187 1041 1245 1100 aut
1262 1041 1449 1118 spiritualis.
1466 1043 1524 1106 Sed
1543 1045 1638 1106 timor
1657 1047 1733 1108 mali
1749 1049 1819 1128 spi-

193 1128 290 1188 umor
305 1139 371 1183 non
382 1123 430 1182 esi
441 1121 607 1197 peccalum
622 1115 769 1176 mmtate·
1030 1118 1156 1178 ritualis
1172 1134 1235 1177 non
1247 1124 1350 1196 polest
1371 1139 1526 1183 excusare
1536 1129 1721 1203 peccatum,
1738 1127 1817 1204 quia

232 1203 290 1266 Sed
301 1204 413 1264 contra
425 1200 475 1258 est
485 1195 570 1274 qubd
584 1211 644 1272 pro
655 1193 725 1256 soto
736 1197 866 1271 peceato
884 1210 977 1253 mor·
1031 1211 1095 1254 non
1111 1195 1231 1256 inducit
1240 1197 1279 1258 ad
1293 1198 1498 1275 peccandum,
1510 1201 1563 1262 sed
1574 1204 1818 1282 magisrctrabit

191 1283 248 1344 tali
259 1279 393 1342 debetur
406 1271 625 1356 poenainl'erni
645 1289 740 1350 :quse
762 1277 868 1333 tamen
884 1270 975 1332 debc-
1029 1269 1194 1350 dpeccato
1212 1294 1220 1334 ε
1237 1275 1332 1338 timor
1345 1277 1441 1338 etiam
1464 1280 1538 1340 meli
1558 1283 1817 1358 temporallsnon

190 1367 247 1424 tur
269 1356 406 1426 timidis,
435 1350 611 1416 seeundum
634 1350 713 1411 illud
743 1352 842 1428 Apoc.
868 1349 919 1422 21,
935 1349 977 1410 ὃς
1030 1357 1163 1414 excusat
1176 1351 1197 1414 d
1209 1361 1350 1430 peccato,
1366 1357 1442 1434 quia
1456 1358 1538 1418 sicut
1550 1358 1761 1450 Philosophus
1775 1361 1817 1421 di·

189 1437 337 1506 Timidis,
349 1443 378 1496 et
393 1430 576 1502 incredulis,
586 1435 613 1490 et
625 1429 788 1495 exscretis,
809 1431 883 1499 etc,
926 1444 978 1489 ars
1030 1429 1073 1490 cii
1088 1430 1120 1492 in
1141 1431 1293 1504 seinte..
1321 1449 1391 1511 cap.
1409 1435 1440 1506 u,
1464 1442 1538 1497 ante
1558 1437 1654 1510 med,
1677 1439 1817 1518 inopiam

188 1517 250 1579 erit
270 1517 308 1579 ist
327 1524 439 1592 stoptw
456 1509 559 1588 iabit,
583 1515 611 1568 ti
630 1504 806 1586 williario,
826 1524 886 1588 quo
933 1515 978 1568 est
1028 1525 1094 1569 ooo
1106 1519 1229 1590 oportet
1246 1512 1359 1580 timere,
1374 1513 1707 1593 nequsepritudiaem,
1720 1521 1817 1596 oeque

186 1612 273 1658 mors
295 1590 440 1654 secondo.
463 1589 550 1670 Ergo
573 1585 723 1648 timiditas
748 1590 797 1647 cst
810 1589 976 1664 peceatum
1027 1603 1222 1724 prerumpere
1241 1608 1306 1649 noo
1326 1590 1814 1674 dpropridmoiitidproeeduot.

187 1672 335 1736 mortale.
1055 1682 1113 1744 rgo
1126 1667 1155 1726 vi
1179 1671 1251 1728 etur
1261 1666 1348 1746 quod
1361 1670 1461 1731 timor
1472 1669 1563 1731 nullo
1574 1671 1668 1733 modo
1682 1674 1815 1736 excuset

229 1747 417 1829 Respondes
441 1743 610 1806 dicendum
641 1740 740 1821 qudi,
768 1741 852 1802 sieut
876 1755 976 1820 snpra
1026 1739 1203 1820 dpeecato.

185 1829 307 1894 dietum
327 1832 386 1896 est,
402 1826 495 1889 ortt
521 1821 589 1903 bui.
605 1839 674 1900 qn„
697 1821 794 1882 timor
810 1825 975 1898 peccatum
1066 1821 1125 1883 Sed
1146 1827 1258 1884 contra
1280 1830 1329 1885 est
1349 1824 1435 1903 qnorl
1457 1825 1574 1888 dicitur
1588 1827 1620 1888 in
1642 1827 1767 1890 Decrct.
1783 1829 1813 1905 1,

185 1915 237 1972 est
260 1899 436 1970 secundum
455 1900 541 1982 qubd
563 1905 612 1962 est
634 1899 853 1970 inordinatus,
879 1904 976 1976 prout
1026 1905 1141 1976 quaest.
1155 1902 1184 1972 1,
1196 1917 1267 1980 cap.
1279 1901 1434 1966 Constet:
1457 1905 1684 1984 Vimpessusrt
1697 1905 1816 1970 invitm

184 1987 310 2050 seilicet
321 1982 435 2063 refugit
450 1979 536 2059 quod
547 1995 612 2040 non
629 1983 676 2039 est
690 1973 865 2039 secundum
877 1977 976 2039 ratio-
1026 1975 1064 2038 ob
1077 1977 1230 2042 hereticis
1243 1979 1426 2052 ordinatus,
1443 1981 1577 2046 colorem
1587 1981 1674 2046 babet
1689 2004 1815 2054 excuser·

185 2083 263 2128 nem
290 2061 524 2142 refugiendum.
553 2057 628 2118 llaec
653 2062 761 2119 autem
779 2055 975 2116 inordinatio
1023 2056 1135 2130 tionis.

184 2143 312 2206 timoris
323 2139 521 2220 quandoque
535 2136 663 2215 quidem
677 2134 823 2196 consistit
846 2133 879 2194 in
903 2134 973 2196 solo
1064 2134 1252 2213 Respondeo
1265 2134 1432 2199 dicendum
1445 2138 1542 2216 qubd,
1556 2139 1638 2200 sicut
1652 2155 1749 2218 supra
1765 2141 1817 2204 di·-

184 2221 331 2302 appctitu
345 2217 512 2287 sensitivo,
536 2231 601 2274 non
623 2214 872 2292 superveniente
897 2229 974 2273 con·
1024 2213 1110 2273 etum
1124 2217 1189 2285 est,
1203 2218 1265 2276 art.
1287 2232 1395 2294 praec„
1417 2217 1511 2277 tirnor
1527 2217 1560 2278 in
1581 2223 1703 2280 trintum
1718 2219 1816 2282 haber

184 2318 286 2362 sensu
298 2295 466 2360 rationalis
481 2291 661 2372 appetitum
675 2289 762 2352 etsie
777 2306 843 2349 non
869 2294 973 2366 potest
1023 2289 1182 2352 rationem
1194 2293 1334 2383 peccati,
1351 2293 1383 2354 in
1400 2298 1558 2371 quantum
1572 2302 1621 2356 est
1634 2301 1745 2360 contra
1758 2314 1816 2359 or-

107 2452 109 2455 ·
183 2395 260 2439 esse
281 2370 609 2455 peccaturnmortale,
627 2367 682 2432 sed
708 2365 812 2429 solum
835 2367 970 2428 reniale.
1023 2367 1651 2451 dinemrabonis.Ratioautemjudicat
1690 2376 1814 2438 uadem

185 2453 387 2532 Quandoque
402 2451 478 2512 verb
500 2447 684 2526 hujusmodi
713 2444 907 2507 inordinatio
934 2447 973 2506 ti·
1022 2447 1108 2510 mala
1122 2465 1192 2510 esse
1210 2449 1312 2528 magis
1331 2450 1402 2511 aliis
1421 2448 1580 2530 fugienda.
1596 2451 1635 2512 Et
1649 2393 1720 2515 nied
1734 2455 1815 2532 qui-

186 2534 287 2594 troris
304 2529 455 2610 pertingit
468 2544 571 2603 usque
588 2525 813 2604 adappetitum
830 2525 972 2586 rationa—
1023 2542 1172 2604 euinque,
1186 2531 1220 2587 ut
1233 2526 1334 2606 lugiat
1346 2529 1429 2589 mala
1465 2547 1513 2590 uae
1526 2529 1701 2592 seeundum
1716 2534 1814 2596 ratio-

183 2609 268 2681 iern,
282 2611 339 2688 qui
351 2609 467 2668 dicitur
480 2606 648 2673 voluntas,
671 2603 727 2680 qui
742 2621 782 2662 ex
801 2603 901 2663 libero
915 2618 972 2663 ar·
1023 2621 1096 2664 nem
1115 2609 1192 2664 sunt
1211 2607 1312 2700 magis
1334 2547 1502 2698 sugamia,
1518 2626 1582 2668 non
1598 2607 1714 2688 reiugit
1728 2612 1814 2676 mala

185 2689 281 2751 bitrio
301 2687 419 2778 refugit
441 2682 562 2762 aliquid
588 2700 653 2742 nou
679 2677 852 2742 seeundum
872 2682 972 2740 ratio-
1021 2699 1094 2760 quoe
1106 2687 1182 2744 sunt
1195 2684 1301 2746 minus
1318 2683 1482 2764 fuglenda,
1499 2703 1563 2747 non
1580 2687 1713 2748 incurrit
1730 2707 1811 2766 pcc-

182 2785 259 2830 nern
273 2787 281 2828 t
297 2766 409 2828 ettalus
425 2760 619 2824 inordinatio
634 2760 757 2820 timoris
775 2759 969 2836 quandoque
1021 2764 1128 2821 catum
1139 2781 1147 2833 ;
1160 2762 1242 2822 sicui
1257 2763 1356 2855 magis
1370 2770 1418 2825 est
1431 2762 1579 2843 fugienda
1593 2783 1679 2828 mors
1694 2785 1812 2846 eorpo-

182 2851 234 2908 est
249 2849 415 2924 peecatum
439 2841 594 2910 uternis,
621 2839 815 2915 ‘tuandoque
832 2838 968 2898 veniale.
1021 2837 1098 2900 ralis
1108 2835 1206 2916 quim
1216 2840 1346 2902 amissio
1359 2859 1466 2902 rerum
1477 2844 1712 2920 temporalium.
1726 2845 1812 2907 Unde

181 2923 215 2986 st
227 2925 315 2985 enim
328 2921 445 3000 aliquis
459 2923 590 2997 propter
601 2916 758 2986 tiruorem,
774 2933 839 2992 quo
851 2916 970 2995 refugit
1020 2915 1133 3009 siquis
1145 2923 1274 2997 propter
1285 2921 1428 2980 timorem
1441 2923 1549 2982 mortis
1560 2921 1739 2984 latronibus
1752 2925 1811 2984 ali-

181 3003 364 3082 periculum
401 2998 510 3059 mortis
540 2996 591 3056 vel
622 2994 847 3072 quodcumque
881 2995 968 3055 aliud
1020 2995 1098 3073 quid
1118 2997 1331 3074 promitteret,
1354 3003 1410 3060 aut
1433 2999 1540 3071 daret,
1565 3000 1812 3066 excusareturd

181 3079 359 3160 temporale
369 3077 488 3139 malum
499 3120 507 3146 ,
519 3074 565 3136 sic
578 3073 752 3150 dispositus
767 3077 814 3133 est
827 3080 862 3133 ut
875 3071 969 3136 iaciat
1020 3079 1150 3151 peccato
1163 3097 1170 3146 3
1187 3074 1271 3153 quod
1288 3075 1477 3151 incurreret,
1493 3077 1519 3139 si
1535 3077 1604 3140 sinu
1618 3077 1717 3143 causti
1730 3081 1813 3161 legi-

179 3158 304 3239 aliquld
321 3156 529 3237 prohibitum,
545 3153 595 3213 vel
608 3152 828 3231 pretermittat
845 3152 967 3230 aliquid
1020 3152 1097 3215 timd
1115 3155 1336 3231 pretermissis
1355 3158 1459 3227 bonis,
1475 3158 1593 3234 quibus
1608 3162 1694 3221 esset
1709 3160 1810 3238 magis

180 3238 271 3319 quod
286 3243 333 3301 cst
353 3239 544 3315 moeceptum
560 3233 591 3292 in
607 3232 676 3310 lege
689 3228 818 3301 dirimi,
845 3232 916 3292 talis
931 3234 968 3291 ti·
1020 3230 1178 3303 dandum,
1198 3234 1419 3309 precatoribus
1442 3234 1625 3314 largiretur.
1650 3236 1681 3297 st
1703 3244 1811 3299 autem

177 3335 254 3379 mor
274 3322 323 3377 est
349 3318 516 3394 peecatum
547 3310 709 3373 mortales
733 3309 877 3388 alioquin
907 3310 968 3370 erit
1018 3310 1137 3388 aliquis
1151 3308 1365 3387 pertimerem
1379 3312 1502 3393 lugiens
1516 3315 1812 3393 malaqumsecun-

179 3401 348 3476 peccatum
366 3392 501 3453 reniale.
1018 3385 1093 3447 ditm
1109 3388 1266 3449 rationem
1281 3394 1356 3449 suot
1371 3386 1476 3451 minis
1492 3390 1652 3469 fugienda,
1668 3393 1811 3457 incurrat

219 3475 268 3535 Ad
303 3475 420 3534 rimum
435 3486 512 3547 ergo
524 3466 694 3529 dicendum
717 3463 801 3543 qarbd
814 3466 896 3526 ratio
911 3464 966 3527 illa
1019 3466 1103 3526 mala
1117 3484 1188 3543 quau
1202 3462 1377 3527 secundum
1389 3469 1545 3529 rationem
1558 3476 1632 3531 sunt
1643 3472 1744 3551 magis
1758 3473 1812 3533 lu-

178 3492 323 3646 procciit
336 3550 374 3613 de
390 3550 515 3618 timore,
526 3542 701 3607 secundum
722 3543 807 3620 quud
824 3542 968 3604 consistit
1020 3543 1152 3623 cienda,
1170 3562 1233 3603 non
1250 3548 1358 3621 posset
1372 3546 1511 3607 totaliter
1527 3544 1546 3609 tl
1563 3555 1692 3625 peccato
1708 3569 1811 3612 excu-

177 3636 265 3692 rntra
277 3627 530 3691 sensualitatem.
1018 3621 1096 3689 sari,
1112 3622 1188 3699 quia
1205 3622 1300 3684 linior
1315 3622 1386 3685 talis
1405 3624 1605 3687 inordinatus
1620 3632 1714 3689 esset.
1730 3628 1811 3691 Sunt

219 3707 267 3769 Ad
281 3703 456 3769 secundum
469 3699 636 3764 dicentium
647 3698 732 3777 qubd
743 3699 838 3761 etiam
853 3698 968 3763 Glossa
1018 3703 1125 3760 aulem
1138 3701 1238 3779 magis
1251 3700 1387 3762 timenda
1399 3704 1482 3764 mala
1493 3704 1607 3765 aniruoe
1617 3702 1713 3783 quam
1724 3708 1810 3771 mala

178 3785 235 3848 illa
250 3789 354 3864 potest
370 3780 503 3861 intelligi
527 3779 695 3840 delimare
710 3778 965 3839 insensualitate
1018 3778 1181 3856 eorporis3
1202 3780 1345 3857 corporis
1365 3786 1470 3842 aulem
1491 3783 1592 3863 magis
1608 3783 1705 3875 quam
1724 3784 1810 3849 irrata

177 3864 351 3926 existente.
367 3860 425 3922 Vel
435 3864 539 3938 potest
549 3855 663 3918 melitis
672 3856 827 3934 diriqudd
839 3856 891 3917 ille
901 3862 966 3917 toto
1017 3856 1214 3918 exteriorum
1235 3876 1355 3919 rerum.
1376 3858 1416 3919 Et
1436 3858 1505 3921 idei>
1524 3862 1550 3922 si
1595 3880 1644 3925 urs
1665 3863 1810 3927 incurrat

176 3936 524 4016 cordetcrreturcujus
542 3936 685 3997 animum
698 3935 793 3997 timor
808 3935 906 3995 vineit
924 3934 966 3994 ir·
1017 3936 1102 3996 mala
1123 3936 1255 4007 anime,
1276 3936 1305 3997 id
1325 3940 1392 4010 est,
1415 3880 1705 4020 peccata,(iugiens
1725 3941 1810 4005 mala

176 4040 213 4083 re
256 4018 414 4083 rabiliter.
434 4017 542 4078 Potest
562 4019 669 4075 autem
682 4014 866 4093 contingere
880 4013 965 4091 quod
1017 4015 1173 4091 corporis,
1191 4013 1480 4095 persuaserant
1496 4024 1642 4091 inertem,
1656 4026 1712 4081 aut
1724 4018 1809 4083 urala

175 4098 304 4165 etiamsi
319 4098 416 4159 timor
438 4094 479 4157 sit
493 4098 659 4173 peecatum
674 4093 821 4165 mortale,
834 4108 898 4153 nou
915 4098 968 4155 ta·
1017 4092 1214 4155 exteriorum
1230 4112 1357 4167 rerum,
1376 4093 1452 4171 putri
1472 4095 1624 4157 damnum
1646 4098 1808 4175 pecunie,

174 4196 249 4241 men
275 4174 454 4256 aliquisita
479 4169 638 4234 obstinate
653 4170 876 4248 terreturquin
893 4190 966 4249 per·
1017 4175 1074 4233 aul
1092 4170 1118 4233 si
1138 4172 1294 4233 sustineat
1314 4171 1399 4233 mala
1421 4175 1584 4251 corporis,
1600 4181 1636 4236 ut
1654 4176 1731 4236 vitet
1745 4177 1809 4239 da-

175 4256 387 4319 suasionibns
413 4252 559 4315 revocari
574 4250 695 4329 possit3
723 4249 802 4311 sicut
817 4250 967 4327 quando-
1016 4268 1127 4311 mnum
1153 4252 1314 4329 pecuniae,
1340 4266 1403 4310 non
1428 4258 1602 4313 excusatur
1626 4254 1766 4314 totaliter
1788 4252 1808 4317 ci

174 4352 241 4411 que
266 4334 385 4413 aliquis
418 4330 597 4393 mortaliter
619 4347 775 4408 peccans,
804 4329 965 4406 concupi·
1017 4334 1158 4421 peccato.
1172 4329 1483 4389 Diminuiturtamen
1497 4330 1671 4391 seeundum
1686 4332 1808 4411 aliquid

175 4413 306 4473 scentia
332 4408 580 4479 consentiendo,
606 4414 777 4469 revocatur
799 4424 840 4467 ne
865 4424 964 4484 opere
1016 4425 1086 4486 epus
1107 4405 1380 4484 peccatum,quia
1398 4404 1503 4469 minius
1524 4410 1741 4471 voluntarium
1759 4417 1809 4471 est
1920 4474 1924 4483 ,

175 4488 220 4550 im
245 4491 310 4552 leat
321 4490 409 4568 qnod
419 4485 710 4567 proposuitiacere.
1016 4485 1102 4564 quod
1121 4503 1161 4545 ex
1178 4485 1290 4545 timore
1305 4484 1429 4563 agitur3
1446 4486 1621 4577 imponitur
1641 4486 1725 4549 euim
1745 4486 1809 4549 bo-

216 4509 263 4629 Xd
276 4570 406 4629 tertium
426 4565 593 4628 dicendum
607 4562 692 4641 qubd
710 4564 823 4626 Glossa
839 4562 894 4623 illa
910 4562 965 4623 lo-
1015 4564 1093 4625 mini
1107 4562 1252 4654 quedam
1266 4562 1439 4626 necessitas
1453 4564 1573 4645 aliquid
1587 4564 1720 4629 faciendi
1734 4584 1809 4647 pro-

175 4646 460 4725 quiturdetimorc
476 4649 649 4705 revocante
664 4642 825 4703 bominem
835 4640 854 4704 d
866 4642 962 4713 bono,
1016 4646 1088 4722 pter
1103 4648 1247 4701 umorem
1263 4640 1493 4702 imminentem.

198 4726 263 4789 uod
285 4743 351 4788 non
375 4728 424 4787 est
443 4722 482 4784 de
506 4720 697 4784 necessitato
721 4719 890 4799 precepti,
907 4720 963 4781 sed
1056 4718 1143 4782 Unde
1156 4719 1379 4797 Philosophus,
1394 4720 1448 4783 lib.
1463 4720 1606 4793 dlitbir..
1621 4738 1691 4801 cap.
1706 4722 1735 4796 1,
1747 4722 1809 4785 hu·

174 4741 706 4949 izttittttatslittt
727 4796 964 4952 111311ἑὶἻῖ
1012 4798 1424 4939 titillationis?
1432 4800 1807 4944 .tt'¹lattttt⁵tttt¹²

175 4960 278 5036 niels3
304 4898 500 5051 mleque
521 4896 763 5017 etiam’nonqest
777 4957 960 5031 peccatum,
1015 4895 1099 5019 latiis)
1115 4961 1146 5016 ot
1161 4952 1390 5016 involuntario.
1407 4920 1416 4951 ’

175 5036 254 5111 putd
266 5038 340 5102 cirm
352 5038 472 5119 utque
486 5034 583 5097 babet
598 5034 822 5095 rationabilem
831 5048 962 5094 causam
1056 5032 1101 5093 bd
1115 5032 1254 5111 primum
1267 5050 1343 5112 ergo
1355 5032 1522 5096 dicendum
1535 5034 1619 5113 quiid
1635 5036 1728 5099 timor
1740 5054 1806 5101 non

175 5113 309 5179 timoris.
1014 5115 1148 5174 excusat
1163 5128 1202 5171 ex
1218 5108 1255 5173 ed
1271 5118 1360 5189 parte
1370 5110 1435 5191 qud
1447 5119 1495 5175 est
1506 5121 1683 5193 peecatum,
1697 5114 1751 5177 scd
1764 5133 1805 5177 on

175 5190 355 5259 bauconus
376 5212 420 5258 tr.
437 5228 477 5239 -
496 5190 610 5257 utrem
624 5189 719 5252 timor
731 5196 853 5253 receset
862 5188 881 5249 d
888 5206 964 5269 pee-
1014 5186 1053 5253 ed
1068 5192 1158 5269 parte
1172 5186 1237 5267 quil
1251 5196 1300 5251 est
1314 5190 1578 5253 involuntarium.

530 5280 611 5333 coto.
1055 5268 1101 5329 nd
1122 5268 1298 5330 secundum
1314 5268 1483 5332 dicendum
1503 5270 1608 5348 quod,
1628 5268 1702 5335 licit
1719 5288 1807 5334 mors

213 5346 259 5407 tut
269 5354 420 5427 quartum
432 5342 962 5432 sicproceditnr.l.Videtucqubd
1014 5346 1163 5409 omnibus
1192 5346 1357 5409 immineat
1385 5366 1426 5408 ex
1458 5349 1665 5423 necessitate,
1699 5354 1808 5413 tamen

172 5422 271 5489 timor
285 5445 350 5491 non
363 5435 496 5493 excuset
508 5427 531 5493 d
543 5433 682 5511 peccato.
694 5424 805 5486 Timor
818 5424 961 5487 enimest
1014 5425 1086 5503 ipsa
1099 5425 1269 5487 diminutio
1289 5426 1474 5503 temporalis
1493 5426 1563 5487 vites
1581 5434 1629 5489 est
1644 5428 1808 5509 quoddam

172 5511 357 5598 peccatum,
376 5513 414 5571 ut
431 5509 551 5571 dictum
584 5510 633 5568 est
655 5507 717 5566 art.
736 5504 751 5564 1
778 5503 873 5582 buius
902 5518 959 5580 qu.
1013 5504 1148 5576 malum,
1161 5509 1193 5565 et
1206 5521 1264 5583 per
1277 5520 1477 5581 consequens
1495 5504 1680 5569 timendum.

171 5582 231 5645 bed
247 5590 413 5662 peccatum
425 5590 634 5665 noncxcusat
646 5581 816 5662 dpereato,
833 5580 962 5646 sedma·
1054 5580 1101 5643 Ad
1115 5580 1242 5644 tertium
1255 5580 1424 5642 dicendum
1438 5580 1522 5660 quod
1538 5584 1711 5648 secundum
1724 5582 1807 5649 scot·

170 5661 219 5749 pis
231 5671 390 5744 aggravat
400 5666 518 5745 ipsum.
529 5664 615 5743 orgo
629 5670 725 5725 tenor
748 5678 812 5726 non
826 5665 960 5723 excusat
1011 5676 1087 5731 eos,
1102 5660 1157 5739 qui
1174 5661 1336 5737 ponebant
1349 5660 1434 5721 bona
1449 5662 1637 5741 temporalia
1654 5680 1718 5725 non
1734 5680 1806 5727 csse

169 5754 189 5800 a
207 5748 350 5819 moesto.
1013 5737 1153 5799 bominis
1168 5740 1264 5813 bona,
1279 5736 1425 5817 sequitur
1439 5757 1481 5803 ex
1495 5743 1704 5821 consequenti
1719 5740 1807 5823 quiid
