4067 6175
314 310 386 369 rear
762 300 892 363 mma
910 295 1137 361 annotoctca
1153 296 1313 357 summi
1331 298 1510 358 smera.
1718 290 1724 299 ·
1847 319 1898 377 m,

337 421 399 485 ‚tc
413 419 545 483 tertium
564 415 733 481 dicendum
755 415 854 495 quod,
880 414 965 509 sieut
985 413 1107 509 dictum
1163 409 1291 486 temnet
1316 411 1349 479 3.
1361 412 1402 475 ad
1416 410 1643 490 perlectionem
1658 417 1783 513 pertinet
1795 427 1900 503 perlem

309 494 707 655 attrectaret?
725 495 1109 637 tlttttl't'tat‘tltt
1161 491 1903 663 stetit‘ttta‘ettltttelttttttl

311 676 377 721 non
390 662 516 735 oportet
527 653 612 732 quod
625 652 880 730 quicumqueest
894 650 927 713 in
939 650 1106 743 religione,
1163 651 1348 726 sequenter,
1368 652 1452 711 stent
1469 648 1524 709 rlla
1548 667 1621 729 quar
1647 664 1902 735 consequentuer

309 737 375 817 jam
388 736 430 797 sit
444 733 615 811 perlectus,
636 731 692 793 sed
714 729 799 809 quot
818 731 858 795 ad
881 730 1108 821 perlectionem
1184 725 1356 819 aelectione
1368 726 1552 802 charitatis;
1568 728 1736 822 putdqudd
1749 734 1904 813 aliquam.

312 815 433 877 tendat.
457 811 546 875 Unde
571 827 669 889 super
685 809 762 871 illud
781 808 895 871 ldattln
919 809 980 869 tite
1001 806 1039 869 St
1059 824 1110 869 rer
1161 744 1903 900 fedarentrbeuedicatmtaliabnqnsmodiimpleeq

367 893 468 972 [ector
478 909 555 957 esre,
565 894 626 953 etc.
639 932 648 959 ,
662 888 739 951 dicit
752 888 917 967 Origines,
933 884 1108 949 tractitia
1162 900 1236 959 queo
1245 887 1304 945 etsi
1314 882 1490 948 meandum
1504 891 1904 964 preparationemanimirirt

310 911 440 1041 ffittt,
458 970 616 1047 aliquant.
632 964 654 1031 d
670 968 774 1041 med„
789 966 875 1045 qaod
890 964 945 1029 itte
960 966 1020 1045 qui
1033 983 1110 1025 mu-
1163 959 1197 1021 tu
1211 965 1381 1040 precepto.
1398 966 1434 1022 tlt
1457 963 1580 1025 scilicet
1601 964 1798 1042 impleantur,
1811 978 1905 1049 quando

313 1050 391 1112 tavit
401 1067 461 1141 pro
469 1047 590 1110 diot'tit'r
596 1052 820 1127 paupertatem,
832 1053 868 1107 ut
878 1048 932 1126 fiat
936 1044 1107 1124 perfertur,
1162 1040 1338 1132 neoessitas
1347 1040 1500 1132 requirit3
1516 1045 1624 1103 mmco
1638 1060 1677 1103 ex
1691 1050 1905 1123 superabundat.

311 1146 379 1191 nort
395 1146 430 1190 m
444 1128 456 1189 i
478 1145 512 1189 eo
528 1134 665 1205 tempore
684 1143 745 1205 quo
765 1123 934 1186 tradiderit
949 1122 1032 1185 bona
1050 1140 1110 1183 raa
1163 1116 1209 1181 ta
1221 1116 1385 1209 obarmatis
1396 1119 1539 1196 procedit
1550 1120 1638 1197 quod
1651 1122 1742 1185 etiam
1756 1131 1853 1201 prater
1865 1150 1905 1193 ne-

302 1144 518 1349 dff‘lltst'ss'f'l
534 1203 728 1345 &mitiori
799 1203 913 1283 metm,
934 1201 987 1263 red
998 1220 1039 1263 ra
1053 1201 1111 1263 illd
1162 1201 1342 1259 cessrtcncm
1357 1196 1641 1275 quandoque-talia
1656 1200 1905 1279 impiamenta-

334 1304 364 1347 ιι
386 1302 503 1364 tnetpre
537 1302 575 1363 rp
645 1301 710 1344 aro

807 1280 958 1343 adducere
981 1298 1051 1341 eum
1068 1278 1110 1341 ad
1162 1274 1208 1338 tio
1231 1275 1328 1336 modo
1351 1275 1491 1353 pertinet
1515 1277 1638 1355 aliquid
1663 1279 1702 1340 ad
1725 1279 1904 1357 perlectionem

314 1382 418 1427 emmer
434 1363 577 1426 virtuter.
591 1362 630 1423 Et
645 1362 707 1455 boc
719 1359 815 1453 modo
827 1361 860 1421 in
874 1359 1031 1453 religioque
1043 1376 1112 1421 non
1162 1353 1451 1447 instrumentaliter
1464 1357 1498 1415 et
1509 1352 1709 1449 dispositive,
1719 1359 1795 1450 sicut
1806 1378 1904 1457 paup«.

313 1440 669 1601 ffiffifflmu’
685 1439 740 1503 sed
752 1439 884 1519 quadam
900 1442 1109 1517 recipientes,
1162 1435 1225 1503 tas,
1239 1437 1455 1507 continentia,
1470 1431 1680 1509 absdnentta,
1701 1442 1732 1499 et
1750 1438 1808 1501 atra
1822 1440 1905 1522 bogas-

544 1521 676 1581 cientes.
1162 1510 1260 1575 modi.

353 1601 400 1663 Ad
415 1604 568 1679 quartum
582 1594 850 1675 dicentumqnod
866 1595 1033 1675 religionis
1046 1599 1111 1657 sta·
1202 1588 1329 1654 Dictum
1362 1594 1412 1655 eet
1433 1592 1543 1655 autem
1568 1595 1633 1653 art.
1658 1608 1750 1671 praec.
1774 1595 1847 1672 qndd
1862 1600 1904 1678 ipo

316 1685 365 1746 tur
377 1678 597 1817 princigditer
610 1676 826 1739 estinstitutus
835 1674 875 1737 ad
883 1673 1110 1754 perfectionem
1162 1666 1492 1807 ggioctiocbaritatis·
1509 1674 1559 1762 est
1570 1670 1644 1733 linis
1659 1669 1757 1733 statuis
1775 1674 1905 1755 religionis

314 1759 478 1837 adipiscen
500 1774 553 1819 am
573 1774 631 1834 per
644 1755 792 1835 quedam
809 1754 975 1827 exercitia,
990 1754 1110 1832 quibus
1218 1749 1389 1808 tusautem
1401 1746 1448 1808 rel
1516 1749 1775 1828 msestqutedam
1783 1751 1904 1833 discipline

314 1838 472 1901 tolluntur
501 1834 728 1913 impedimenta
760 1831 906 1909 perlecta
932 1830 1108 1893 charitatis.
1163 1824 1215 1887 vel
1229 1824 1419 1887 exercitium
1433 1765 1906 1907 affortectioncmperrmientu

315 1915 454 1978 Sublatis
465 1918 574 1976 autem
586 1910 822 1991 impedimentis
835 1910 986 1988 perlectae
997 1909 1111 1971 cbari-
1162 1901 1203 1964 att
1228 1919 1328 1983 quem
1366 1903 1474 1967 uidem
1496 1904 1598 1999 aliqui
1624 1906 1788 1985 pervenire
1803 1909 1906 1973 nitantur

315 1994 401 2067 tatis,
413 1991 622 2071 multomagis
634 1990 826 2053 exciduntur
838 1989 1024 2051 occasiones
1163 1980 1325 2043 exercitiis
1344 1921 1505 2074 (diversim
1528 1988 1613 2046 sicat
1638 1984 1734 2047 etiam
1752 1987 1865 2051 medicus
1879 1992 1904 2051 al

316 2073 391 2147 cati,
405 2090 464 2151 per
477 2069 564 2149 quod
578 2070 719 2131 totaliter
730 2066 854 2129 tollitur
863 2067 1015 2130 ebaritas.
1050 2066 1111 2128 ude
1163 2059 1344 2121 mnndum
1367 2066 1414 2120 utr
1434 2063 1686 2141 potcstdirersis
1707 2064 1904 2128 medicamentis.

314 2150 438 2216 edmad
453 2148 674 2229 penitentiam
691 2146 850 2227 pertineat
863 2161 978 2208 causas
990 2162 1113 2224 pecca-
1162 2137 1368 2201 Manifestum
1380 2144 1430 2201 eat
1445 2142 1553 2202 autem
1571 2142 1661 2219 quod
1678 2142 1722 2203 illi
1735 2142 1787 2221 qui
1799 2152 1907 2235 operatu

316 2236 422 2294 torum
436 2228 596 2301 excidere,
615 2244 657 2290 ex
671 2224 882 2305 consequenti
906 2228 1009 2287 status
1028 2224 1113 2285 reli-
1163 2215 1205 2278 ad
1221 2214 1328 2289 finem.
1344 2235 1409 2280 lton
1433 2236 1475 2279 ex
1496 2220 1690 2282 necessitate
1706 2226 1837 2283 eontemt
1850 2226 1904 2301 qnlt

337 2303 1110 2382 'onisestooavonientissimnspaenitentialocur.
1160 2312 1229 2375 Jam
1241 2300 1409 2357 assecutas
1422 2296 1464 2358 sit
1476 2297 1590 2370 tinem,
1604 2299 1661 2360 scd
1676 2300 1836 2377 requiritur
1851 2302 1905 2379 quid

314 2326 404 2457 Eudo
418 2386 451 2447 in
470 2386 563 2448 Doce.
577 2384 632 2457 33,
654 2387 768 2463 quaest.
783 2382 815 2456 i,
831 2400 902 2461 cap.
924 2382 1110 2451 Admonere,
1164 2375 1375 2468 paratiquam
1393 2375 1479 2437 viam
1499 2377 1610 2441 tendat
1633 2377 1676 2439 ad
1695 2378 1797 2438 finem
1818 2380 1905 2442 lltilet

315 2465 497 2529 consulitur
509 2464 636 2527 cuidam
647 2463 704 2541 qui
718 2478 855 2525 uxorem
877 2460 1056 2533 occiderat,
1075 2464 1112 2522 ut
1163 2453 1219 2515 rlle
1235 2470 1291 2531 qur
1308 2458 1427 2515 statum
1443 2454 1610 2535 religionis
1622 2457 1768 2531 assumit,
1783 2474 1835 2517 non
1849 2462 1904 2518 tene

313 2540 983 2624 potidsmonasterinmingrediatur,quotl
996 2540 1113 2601 dieitur
1164 2532 1346 2598 turbabere
1378 2531 1812 2607 erlectamebaritatem3sed
1820 2539 1905 2597 tenetur

314 2617 1114 2711 essemeliusetleuius,ququnddpoenitcntiam
1163 2610 1324 2671 adhocte
1370 2616 1610 2689 erettoperam
1623 2613 1905 2676 dareutbabeatcle

313 2702 477 2781 paelicum
492 2704 578 2781 agat,
597 2696 794 2761 remanendo
806 2716 840 2758 ιιι
850 2697 971 2759 seculo.
1163 2689 1293 2750 ritatem
1306 2688 1490 2781 perfectam.

1203 2768 1243 2826 m
1254 2766 1366 2829 eddom
1378 2773 1504 2831 rationo
1515 2786 1581 2830 non
1601 2773 1729 2832 tenetur
1741 2769 1777 2832 ad
1790 2770 1904 2849 bocqnll

314 2826 494 2886 dnrrcuaus
508 2840 593 2883 ιι.-
605 2816 860 2913 Utrquuftibet
878 2818 1045 2897 retiqiosor
1060 2826 1111 2879 te·
1164 2845 1221 2908 ma
1235 2845 1367 2923 impleat
1389 2863 1462 2925 qum
1482 2848 1523 2908 ad
1544 2847 1770 2927 perfectionem
1789 2850 1906 2910 chaman,

351 2911 465 2965 ”mur
491 2900 535 2962 αδ
558 2898 663 2962 ‘'mm‘'
688 2899 832 2961 ⁰⁰²²”Hffl
851 2931 889 2942 ““
903 2894 954 2977 (δ’
981 2896 1056 2959 (Μ
1080 2898 1112 2972 Ῑ’
1164 2931 1430 3002 consequuntur3
1445 2930 1574 2989 tenetm
1587 2934 1699 2989 autem
1719 2932 1755 2989 ut
1773 2928 1809 2990 ad
1823 2929 1904 2989 cam-
1937 2975 1938 2998 ,

354 2979 577 3063 qm⁸‘·2’⁰r²‘
596 2978 627 3092 ⁶!
643 2974 885 3090 q¹⁴oe⁸²⁹,2¹“d3·
897 2976 925 3087 ),
1164 3003 1281 3082 pleuda
1301 3002 1446 3066 intendat
1468 3024 1477 3063 r
1502 3010 1617 3070 contra
1635 3006 1721 3102 quod
1745 3007 1811 3068 lacit
1833 3010 1906 3067 conte
1937 3003 1938 3030 ¹

352 3074 1113 3155 Adsecundumsreprocedttur.bltrdeturqubd
1165 3100 1292 3154 mens,
1305 3082 1392 3145 unde
1404 3100 1469 3145 non
1483 3090 1606 3162 peccat,
1627 3105 1656 3149 ιι
1668 3103 1708 3150 ea
1725 3085 1906 3166 pretermittit,
1936 3114 1937 3117 ¹

181 3177 188 3190 ·
312 3156 628 3239 quilibctreligiosus
641 3159 790 3218 teneatur
799 3155 839 3218 ad
849 3154 1111 3218 omniaeonsilia.
1164 3161 1516 3224 sedsieacontemnat.
1936 3222 1937 3227 ,

312 3239 514 3315 Quicumque
528 3233 931 3314 enimprofiteturttatum
957 3233 1111 3312 aliquem,
1142 3263 1149 3280 ·
1204 3239 1358 3301 Similiter
1392 3242 1491 3302 etiam
1526 3260 1593 3304 uon
1625 3247 1754 3306 tenetur
1775 3243 1811 3306 ad
1835 3240 1905 3302 omnir
1936 3262 1937 3283 ι

313 3322 442 3380 tenetur
455 3315 494 3378 ad
510 3332 549 3378 ea
561 3313 691 3392 quceilli
709 3314 806 3376 statui
824 3313 1033 3375 conveniunt.
1052 3312 1112 3375 Sed
1168 3317 1321 3380 exercitia
1333 3320 1452 3398 quibus
1464 3320 1505 3382 ad
1519 3323 1747 3400 perlectionem
1758 3321 1907 3400 pervenitur,
1936 3338 1937 3347 ¹

314 3397 452 3476 quilibet
463 3393 634 3486 religiosus
644 3390 1113 3472 protitetnrstatumperiectio·
1164 3396 1220 3458 sed
1239 3395 1349 3460 edilia
1370 3415 1443 3476 quae
1468 3399 1680 3466 demrmtnate
1695 3407 1769 3464 sant
1788 3401 1813 3463 ei
1833 3403 1906 3460 buta

315 3475 377 3548 nis.
387 3474 473 3553 Ergo
486 3473 622 3551 quilibet
635 3471 805 3550 religiosus
819 3473 946 3532 tenetur
955 3469 1114 3536 adomnia
1166 3474 1344 3538 secandum
1356 3477 1501 3556 regulam
1513 3495 1611 3555 quam
1649 3481 1784 3542 reterens
1793 3483 1841 3540 est.

315 3552 533 3632 consiliaque
543 3551 582 3613 ad
621 3547 1111 3644 erleetioaisnstatumpertinent.
1204 3554 1253 3617 Ad
1271 3555 1411 3634 primam
1432 3571 1512 3636 ergo
1527 3499 1699 3620 dicendum
1723 3557 1801 3636 quot
1819 3552 1905 3629 illcqri

352 3633 383 3694 2.
400 3633 571 3702 Preterea,
616 3628 864 3709 regoriusdrcrt,
878 3645 976 3706 super
993 3627 1113 3690 Erech.
1165 3635 1283 3696 transit
1298 3634 1339 3696 ad
1362 3634 1562 3713 religionem,
1578 3653 1645 3698 non
1660 3639 1908 3715 profitetarseeee

313 3713 402 3786 ltom·
416 3710 468 3783 2⁰,
483 3709 566 3772 tutet
581 3707 663 3769 med·
677 3712 708 3770 et
718 3707 787 3778 fine
797 3706 884 3785 dudd
900 3705 954 3769 t'ttt
965 3707 1022 3786 qui
1031 3725 1114 3788 ere-
1165 3711 1352 3791 pertectum,
1368 3713 1422 3774 sed
1434 3713 1603 3791 protitetur
1613 3734 1649 3778 se
1657 3716 1800 3778 adbibere
1809 3711 1906 3776 studim

312 3809 383 3852 tent
396 3787 535 3878 secuturi}
555 3786 681 3854 deterit.
698 3793 726 3846 tt
779 3783 1027 3848 trememtem
1046 3803 1115 3879 qttoe
1165 3791 1206 3852 ad
1222 3789 1452 3871 perlectionem
1464 3793 1742 3870 consequendam
1758 3794 1829 3856 sicut
1843 3789 1906 3852 etiem

313 3868 405 3938 valet.
418 3867 580 3959 qqartyam
594 3802 909 4006 AEfflowfflm'
924 3865 1114 3944 mortiterum
1165 3869 1221 3933 ille
1247 3869 1304 3947 qui
1331 3870 1430 3932 intrat
1449 3869 1598 3943 scholas,
1628 3891 1698 3934 non
1722 3871 1865 3951 protitetm
1883 3881 1905 3924 tt

312 3965 354 4028 pr
354 3945 429 4009 ΨΜ
442 3964 477 4006 ’ἢ
493 3961 602 4006 ΜΟ·
699 3942 848 4006 deseret*
867 3943 1027 4017 mummi
1041 3961 1115 4021 tl»-
1168 3948 1343 4021 scientem,
1374 3947 1429 4011 sed
1455 3949 1624 4026 profitetur
1653 3969 1689 4013 se
1713 3950 1864 4012 studentem
1882 3940 1907 4003 at

313 4026 438 4090 cialiter
458 4023 598 4103 pertinet
628 4021 668 4085 ad
697 4022 878 4102 religiosor.
908 4022 994 4101 Ergo
1016 4024 1113 4088 ιῑὶιιιι
1166 4026 1332 4089 scientiam
1345 4026 1585 4106 acquirendam.
1599 4029 1699 4104 Unde,
1715 4021 1906 4104 sicuttrgust‘r

313 4122 427 4168 oerum
440 4107 489 4166 est
504 4119 601 4182 agere
623 4101 733 4164 omnia
749 4102 921 4179 bonaque
937 4101 1060 4171 valeam
1081 4105 1115 4163 et
1166 4123 1229 4167 ans
1240 4103 1317 4167 dicit
1329 4105 1364 4166 ln
1377 4103 1547 4168 euemvtt.
1564 4107 1634 4181 Dei,
1657 4126 1727 4192 cap.
1740 4108 1775 4182 θ’,
1793 4103 1906 4182 aprino.

314 4183 357 4248 ita
391 4181 518 4248 videtur
549 4179 636 4260 quod
663 4180 799 4263 quilibet
826 4195 939 4245 eorum
967 4183 1114 4244 teneatur
1165 4182 1480 4264 Pettaqormnotuit
1494 4203 1554 4245 rer
1597 4186 1708 4249 tentem
1724 4181 1857 4278 profiteri,
1874 4173 1906 4237 tet

314 4265 353 4327 ad
370 4262 481 4325 omnia
494 4260 629 4324 consilia
639 4257 812 4337 implenda.
1165 4263 1327 4342 sapientie
1352 4272 1530 4325 amatorem.
1552 4205 1595 4326 {l}
1615 4265 1687 4328 ideo
1704 4265 1851 4345 religiosus
1866 4270 1906 4317 ott

355 4341 385 4404 3.
410 4344 577 4412 Praeterea,
601 4339 628 4400 si
656 4355 725 4400 non
740 4336 916 4416 requiritur
939 4335 979 4399 ad
992 4341 1114 4399 stateem
1166 4345 1217 4402 est
1234 4346 1440 4420 trangressor
1457 4341 1685 4420 protessionis,
1702 4346 1729 4406 si
1743 4359 1803 4404 aon
1815 4339 1905 4425 sitper·

314 4417 520 4502 perfectiouis
533 4417 620 4496 quod
634 4417 753 4495 aliquis
772 4415 881 4478 omnia
895 4415 1033 4480 consilia
1046 4416 1114 4478 im·
1167 4419 1280 4493 lectus,
1295 4419 1351 4481 sed
1365 4417 1470 4482 solum
1483 4420 1512 4484 si
1531 4426 1716 4486 contemnat
1730 4421 1768 4484 ad
1780 4417 1905 4500 pertent-

316 4501 413 4579 pleat,
445 4497 607 4562 sufficiens
636 4513 708 4558 esse
740 4493 875 4567 videtur,
902 4493 930 4556 si
962 4494 1110 4573 quaedam
1167 4516 1240 4561 uem
1256 4497 1400 4560 tendere.

315 4577 452 4641 consilia
473 4575 615 4655 impleat.
639 4573 700 4636 Sed
725 4573 787 4636 boc
812 4573 932 4635 taleam
951 4579 1011 4646 est,
1035 4573 1114 4652 quia
1207 4577 1254 4639 Ad
1268 4576 1622 4640 secandumdicendum
1635 4577 1720 4657 qnod
1728 4577 1803 4640 siem
1814 4571 1904 4648 diligat
1935 4602 1936 4619 ι

316 4656 408 4720 malti
421 4657 455 4717 in
467 4653 607 4719 seculari
625 4651 692 4716 uitd
711 4651 884 4716 existentes
900 4651 1010 4730 eliqua
1028 4669 1115 4714 eon-
1165 4655 1268 4720 Mum
1282 4673 1325 4717 ex
1337 4659 1404 4717 tato
1418 4656 1515 4718 eorde
1535 4661 1686 4720 tenentur
1699 4673 1817 4726 omnm,
1829 4650 1904 4712 astte

316 4734 389 4796 silia
404 4735 550 4814 implent,
560 4737 597 4794 ut
606 4737 694 4812 patet
707 4731 870 4809 debisqui
881 4731 1113 4794 continentiam
1170 4734 1365 4813 menaliqua
1387 4735 1529 4798 totalitas
1554 4735 1766 4814 perfectionis,
1790 4745 1849 4810 que
1863 4724 1904 4784 sim

316 4817 457 4876 servant.
475 4813 561 4892 Ergo
577 4813 702 4874 videtur
718 4810 805 4890 quod
817 4810 954 4889 quilibet
975 4807 1114 4888 religio·
1167 4818 1301 4892 pemmo
1310 4815 1508 4892 praetermitti
1524 4831 1589 4874 non
1598 4819 1711 4892 potest,
1726 4811 1822 4890 aliqua
1835 4807 1903 4866 auten

317 4909 385 4966 sos,
399 4891 456 4971 qni
470 4895 519 4953 cst
530 4891 564 4950 in
579 4895 666 4954 statu
716 4889 892 4962 electionis,
908 4893 1058 4950 teneatur
1072 4889 1113 4952 ad
1190 4909 1244 4954 ure
1257 4893 1328 4956 sine
1341 4898 1474 4970 peceato
1486 4893 1746 4971 pretermittitur,
1759 4889 1823 4951 dum
1833 4890 1903 4954 aare

317 4967 828 5114 oreste
1051 4985 1114 5032 ...
1189 4951 1903 5112 armatecrememus

351 5065 554 5200 wandra,
565 5125 605 5190 ad
622 5141 661 5188 ea
675 5091 839 5218 quaesunt
851 5125 1115 5205 supererogatio·
1168 5067 1277 5207 gudm’
1291 5066 1455 5190 :ecularles
1479 5065 1819 5214 feffifflffilfflssgr
1835 5055 1903 5178 dgitlt

318 5211 382 5285 rtis,
398 5226 465 5272 non
477 5211 605 5269 tenetur
617 5205 735 5284 aliquis
751 5221 814 5266 urst
828 5221 871 5266 ex
884 5203 1015 5296 propria
1029 5206 1115 5266 obli·
1167 5207 1324 5285 quidquid
1334 5206 1409 5268 boni
1422 5211 1560 5286 possunt
1576 5227 1585 5267 r
1603 5209 1747 5269 omnibus
1759 5217 1831 5266 earm
1842 5204 1901 5256 cett·

318 5291 459 5368 tratione.
477 5285 536 5350 Sed
551 5302 626 5371 non
639 5284 775 5426 quilibet
802 5282 971 5362 religiosus
992 5284 1114 5364 obligat
1168 5286 1316 5348 maniter
1338 5285 1455 5347 dieitur
1477 5285 1581 5350 Ecclc.
1606 5287 1636 5361 9,
1659 5287 1698 5348 to
1713 5305 1721 5344 r
1738 5277 1901 5359 dewl't‘

318 5387 353 5432 se
367 5366 540 5439 adomnia,
554 5364 641 5428 seda
675 5363 718 5430 ati
743 5361 1116 5440 uadeterminata,qui-
1218 5381 1268 5425 ere
1284 5371 1390 5444 potest
1413 5381 1523 5425 moero
1549 5371 1614 5433 era,
1641 5365 1787 5426 instanter
1806 5358 1899 5436 metit·

316 5447 390 5513 clam
402 5445 443 5508 ad
457 5443 679 5538 bea-quidam
695 5381 740 5506 ad
750 5441 816 5506 illa.
831 5439 901 5502 Non
912 5455 989 5520 ergo
1001 5457 1117 5511 omnes,
1196 5448 1342 5537 ettamen
1358 5443 1476 5521 aliquis
1492 5443 1604 5536 modus
1619 5443 1680 5506 hee
1691 5440 1851 5533 preceptum
1861 5437 1901 5484 m

319 5522 655 5590 tenenturadomma.
933 5531 937 5541 “
1168 5523 1371 5662 flendaque
1381 5507 1900 5600 peecatumvrtatur,seilreetstboot

344 5605 418 5682 ⁴lles
484 5602 545 5666 tleo
555 5599 722 5666 dicendum
735 5599 821 5679 quoe
835 5598 876 5664 ad
888 5597 1116 5678 perfectionem
1181 5601 1265 5664 aciat
1285 5599 1372 5680 quod
1395 5603 1510 5679 potest,
1525 5601 1699 5663 secundum
1714 5593 1789 5678 qnod
1806 5578 1899 5662 rcqumt

317 5681 418 5760 aliqui
448 5681 587 5762 pertinet
597 5680 764 5758 tripliciter
779 5699 787 5740 r
802 5695 868 5741 uno
884 5677 980 5758 modo
1001 5695 1117 5742 esseu-
1170 5679 1311 5742 conditio
1338 5679 1390 5740 sui
1415 5679 1537 5751 statere
1564 5678 1731 5744 dnmmodo
1753 5665 1897 5736 anteacto

320 5759 440 5824 lialiter
479 5764 510 5824 ct
525 5759 585 5838 sic,
596 5758 678 5822 sieut
692 5775 791 5837 supra
803 5757 923 5823 dictum
933 5759 1116 5838 autquasi.
1170 5775 1238 5820 nou
1251 5757 1334 5823 adsit
1345 5757 1461 5836 agendi
1473 5759 1625 5828 meliora,
1644 5765 1798 5836 perquem
1811 5745 1895 5806 aaran
