4067 6175
218 341 271 400 us
662 333 789 392 suntin
807 327 1034 390 muccosum
1051 307 1208 393 sacuam
1227 333 1402 391 saeuum.
1733 399 1737 406 ,
1796 332 1846 392 sn

216 451 363 514 homines
373 462 556 512 consuetas.
567 445 693 508 occisio
704 447 789 506 enim
803 443 941 504 hominis
952 447 1002 505 est
1056 443 1265 520 turproalio,
1277 447 1450 507 secundum
1463 445 1651 510 lllndltxod.
1666 447 1764 522 2⁰,52
1775 446 1846 528 Epo

243 530 365 592 uaedttm
376 526 550 588 eradicatio
563 526 644 587 e'us.
665 523 723 584 Sed
737 524 893 582 Dominus
907 537 1004 582 niau-
1021 553 1025 563 ,
1055 537 1123 579 aum
1140 521 1222 582 licus
1234 521 1357 592 zelotes,
1371 526 1848 608 oisttoariniquitotemputrum

260 545 1004 736 viqtmuhtaquodzizantaperquesikgnts
1055 597 1091 658 ia
1104 597 1196 678 tilios,
1209 601 1245 662 iu
1259 601 1578 682 tertiametquortum
1619 607 1848 673 montionem:

216 677 907 759 deanturtiliinequam,noneradrearentur.
945 693 1003 756 rgo
1055 675 1194 736 undeet
1252 695 1289 737 ro
1312 687 1442 756 peceato
1461 679 1562 742 Cham
1607 681 1734 744 hanaa'n
1760 683 1850 746 titius

216 767 400 841 peccatores
417 778 482 822 non
492 761 568 822 sunt
582 756 755 819 occidendi.
1056 751 1124 834 ojus
1139 695 1329 818 maledictus.
1337 763 1395 829 est,
1413 763 1447 817 ut
1462 759 1598 822 habetur
1617 761 1696 822 Gon.
1710 761 1740 819 9,
1757 761 1845 824 (tim

255 841 286 900 2.
306 843 483 911 Praeterea,
507 837 704 915 quicumque
729 831 907 893 mortaliter
928 849 1002 911 poc·
1055 831 1150 892 etiam
1166 837 1329 910 peccante,
1344 835 1433 970 lepra
1447 838 1674 899 transmittitur
1687 838 1726 899 ad
1739 850 1850 916 poste-
1869 895 1875 901 .

214 924 309 991 caint,
331 918 442 980 eadem
462 911 558 994 poend
581 913 728 974 videntur
752 911 849 990 digni.
874 911 904 970 Si
925 927 1002 989 ergo
1055 922 1120 982 ros,
1148 915 1184 970 ut
1211 911 1346 974 habetur
1418 914 1494 993 llag.
1519 914 1548 974 h.
1584 915 1719 995 Sanguis
1748 918 1845 982 etiam

215 997 316 1074 aliqui
329 1000 496 1074 peccantes
508 990 999 1066 mortalitermortepuniuntur,
1054 985 1171 1048 Christi
1195 1005 1296 1065 penum
1322 990 1424 1051 reddit
1451 993 1609 1054 obnoxios
1641 1011 1844 1059 successoren

215 1075 340 1140 videtur
361 1073 447 1154 quod
474 1089 585 1134 omnes
614 1069 694 1131 tales
720 1067 872 1129 deberent
898 1075 1001 1129 morte
1053 1064 1247 1156 ludaeorum,
1262 1068 1317 1144 qui
1331 1067 1483 1130 dixerunt
1494 1071 1605 1132 Matth.
1620 1072 1671 1144 27,
1685 1072 1726 1132 at
1741 1092 1749 1132 t
1763 1075 1845 1136 Son.

213 1153 323 1232 puniri
339 1174 347 1211 z
361 1151 446 1230 quod
459 1153 546 1230 patet
558 1165 628 1210 esso
641 1147 768 1208 falsum.
1054 1159 1125 1220 petr
1136 1159 1201 1222 qus
1213 1161 1304 1224 super
1319 1163 1389 1219 noc,
1403 1148 1844 1229 etmperfilionnontror,1,0.

254 1231 285 1292 3.
316 1233 488 1301 trecoren,
517 1226 591 1290 erim
629 1225 747 1303 aliquis
775 1241 835 1302 pro
870 1229 1008 1314 peceato.
1052 1221 1248 1358 filaretiam
1258 1223 1344 1304 qubd
1360 1233 1558 1303 propeccato
1574 1227 1684 1290 hohan
1700 1232 1844 1307 populus.

214 1311 348 1386 punitur
370 1305 555 1380 manifeste,
586 1322 627 1366 ex
651 1303 714 1370 hoc
738 1307 904 1382 peecatum
931 1319 1000 1380 ejus
1069 1301 1153 1361 srael
1167 1300 1301 1362 traditus
1317 1303 1408 1363 estin
1431 1320 1544 1366 manus
1565 1304 1844 1376 hostium‚utbn..

213 1387 448 1454 manifestatur,
458 1383 543 1462 quod
555 1382 914 1448 videturessenoeivum
925 1381 1004 1439 mul·
1053 1377 1404 1474 beturlosue'lAEtpro
1415 1381 1689 1458 peceatoiillorum
1700 1385 1749 1445 Eli
1760 1385 1845 1453 idem

213 1464 341 1526 titudini
352 1509 361 1537 ,
374 1481 447 1542 quae
459 1481 501 1525 ex
520 1461 668 1541 exemplo
684 1456 804 1537 peccati
828 1457 925 1519 sumit
939 1476 1000 1520 oc-
1052 1457 1190 1534 populus
1210 1458 1331 1519 corruit
1349 1477 1380 1518 tn
1398 1465 1570 1537 conspectu
1583 1462 1841 1539 Philistinorum‚

213 1545 375 1604 easionem
393 1540 557 1621 peccandi.
581 1541 666 1618 Ergo
688 1537 811 1600 videtur
830 1535 921 1628 quod·
933 1552 998 1628 non
1052 1533 1239 1626 uthabetur
1253 1537 1356 1674 theg.
1375 1535 1405 1596 b.
1416 1537 1501 1621 Ergo
1520 1539 1637 1618 aliquis
1655 1541 1843 1608 involunta-

213 1621 255 1682 sit
327 1637 370 1685 na
394 1620 506 1681 mortis
535 1634 594 1697 pro
620 1617 730 1694 aliquo
752 1619 886 1694 peccato
913 1614 1000 1674 mtlr-
1053 1627 1120 1672 rius
1136 1619 1185 1674 est
1200 1631 1318 1690 pumen
1343 1631 1390 1676 us.

212 1639 353 1778 ςοοὲἓΙ
480 1699 483 1705 ’
785 1707 793 1724 ⁸
968 1742 971 1747 ,
1090 1690 1121 1747 2.
1146 1692 1312 1763 Preterea,
1333 1692 1412 1752 illud
1430 1693 1535 1755 solrlm
1552 1701 1600 1756 est
1622 1698 1848 1761 voluntarium·

251 1776 311 1838 Sed
325 1780 437 1838 eontra
458 1777 506 1835 est
524 1772 610 1851 qubd
625 1773 659 1832 in
675 1772 746 1850 lege
760 1769 867 1830 diviua
883 1767 999 1862 hujus-
1051 1765 1137 1843 quod
1149 1769 1558 1848 estinpotestatehominis.
1573 1774 1632 1835 Sed
1645 1775 1840 1870 quandoque

212 1855 408 1932 modipoente
419 1852 683 1920 determinantur,
697 1856 783 1911 uter
795 1862 895 1926 supra
907 1847 998 1907 dictis
1051 1861 1144 1921 poena
1165 1846 1302 1908 infertur
1321 1865 1386 1926 pro
1402 1865 1442 1909 eo
1463 1851 1748 1927 quod-nonest·in
1769 1871 1842 1933 ejus

210 1935 299 2009 patet
310 1977 318 2005 ,
330 1932 404 2001 1-2,
422 1949 479 2007 qu.
497 1930 566 2002 105,
582 1934 643 1991 art.
656 1927 687 1992 2.
1050 1926 1226 1998 potestate:
1243 1927 1325 1986 sicut
1340 1931 1473 2004 propter
1481 1929 1599 1989 vitium
1612 1932 1708 2008 lepra
1722 1933 1847 2010 1111111111-

250 2009 438 2089 Respondeo
459 2007 628 2070 dicendum
655 2003 741 2084 quod
767 2003 940 2065 vindicatio
964 2003 1001 2067 in,
1050 2013 1233 2063 remoretur
1257 2005 1298 2065 ab
1322 2005 1597 2072 administratione
1615 2009 1764 2072 Scelesta
1775 2031 1785 2080 t
1809 2017 1847 2074 et-

210 2091 336 2148 tantum
348 2087 433 2148 licita
445 2090 493 2148 est
504 2086 702 2156 etvirtuosa,
714 2083 746 2142 in
761 2086 917 2159 quantum
928 2083 998 2140 ten·
1050 2084 1180 2156 propter
1193 2083 1384 2158 pravitatem
1400 2086 1457 2143 aut
1475 2085 1628 2148 malitiam
1643 2089 1762 2148 civium
1778 2090 1842 2150 Eo-

208 2166 255 2226 dit
282 2165 321 2226 nd
347 2162 575 2226 cohibitionem
603 2163 775 2224 malorum.
801 2159 998 2220 cohibentur
1050 2155 1147 2219 etesia
1213 2159 1275 2218 rdit
1300 2160 1483 2221 cathedram
1508 2165 1732 2242 episcopalem.
1755 2167 1843 2246 Ergo

209 2248 318 2306 autem
334 2243 376 2304 ali
403 2241 650 2320 uidpeccando,
668 2239 723 2377 gui
737 2235 998 2300 allectumvirtu·
1050 2251 1114 2326 non
1137 2251 1175 2296 so
1188 2235 1244 2296 dm
1266 2253 1331 2316 pro
1346 2245 1481 2318 peceato
1499 2242 1682 2305 voluntario
1702 2244 1841 2308 vindam

209 2323 251 2382 tis
268 2339 332 2383 non
347 2321 387 2382 ha
423 2326 476 2390 111,
491 2338 548 2398 per
560 2319 675 2398 hocqu
697 2317 839 2376 dtiment
852 2316 997 2377 amittere
1050 2312 1196 2374 rniiirtur.

209 2399 320 2478 aliqua
335 2417 408 2480 qute
427 2398 498 2479 plus
516 2402 625 2460 amant
641 2394 739 2474 qudm
755 2393 810 2454 illa
827 2409 899 2474 quaa
916 2407 998 2470 pee-
1089 2389 1118 2450 3.
1136 2391 1304 2465 Praeterea,
1327 2396 1508 2473 ignorantia
1523 2402 1641 2459 causat·
1652 2399 1841 2463 involunta-

209 2477 313 2538 caude
329 2475 568 2554 adipiscuntur,
581 2472 661 2536 aliha
675 2473 770 2534 timor
791 2487 998 2548 noncompe-
1049 2467 1145 2529 rium.
1168 2470 1227 2530 Sed
1244 2471 1384 2534 vindicta
1405 2474 1599 2552 quandoque
1623 2483 1791 2539 exercetur
1806 2479 1848 2540 ia·

210 2558 314 2616 sceret
333 2557 509 2632 peceatum.
532 2551 569 2612 ut
587 2551 657 2612 ideo
672 2567 730 2629 per
747 2547 996 2613 subtractionem
1049 2546 1174 2624 aliquos
1191 2549 1395 2628 ignorantes:
1410 2542 1536 2628 parvuli
1556 2554 1641 2614 enim
1655 2553 1843 2618 Sodomita..

210 2631 355 2694 ornnium
369 2647 441 2710 qute
455 2629 552 2690 homo
573 2627 712 2692 maxime
725 2627 842 2706 diligit,
858 2629 908 2686 est
927 2625 997 2686 vin·
1049 2624 1208 2697 runnlieet
1219 2627 1373 2688 haberent
1381 2629 1595 2708 ignorantiam
1606 2631 1838 2708 invincibilem,

201 2708 299 2771 vdicta
315 2710 354 2773 do
368 2708 506 2787 peccatis
527 2706 692 2769 sumenda.
709 2705 783 2766 llaec
800 2707 908 2766 autem
922 2709 998 2764 sunt
1049 2719 1122 2764 cum
1140 2705 1325 2778 parentibus
1340 2709 1447 2766 umen
1467 2709 1644 2785 perierunt,
1665 2713 1702 2771 ut
1722 2711 1842 2790 legitur

209 2804 283 2866 que
297 2787 393 2851 horno
410 2785 549 2849 maxime
563 2784 680 2864 diligit,
696 2783 811 2853 ritum,
828 2781 997 2842 incolumi·
1050 2779 1846 2865 Gendlt.Similiteretiamparvulipropeceatum..

209 2871 307 2926 tatem
320 2865 480 2942 corporis,
495 2865 674 2925 libertatem
683 2861 750 2934 sul,
762 2866 794 2920 et
807 2861 891 2922 bona
905 2864 1009 2921 exte-¹
1048 2858 1127 2920 tlran
1140 2862 1171 2919 et
1180 2860 1299 2920 Abiron
1313 2863 1514 2939 paritercum
1528 2865 1574 2926 eis
1585 2866 1728 2942 absorpti
1743 2873 1837 2940 sunt,

210 2943 318 3015 riom,
335 2942 413 3021 puttl
434 2942 581 3015 divitias,
600 2939 737 3018 patriam
753 2943 783 2998 et
797 2938 943 3018 gloriam.
957 2935 998 2997 Et
1049 2940 1085 2995 111
1101 2937 1237 2997 habetur
1253 2939 1345 2998 llum.
1366 2941 1414 2998 16.
1433 2942 1530 3002 ltruta
1556 2943 1652 3002 etiam
1672 2944 1836 3017 animalia,

210 3021 301 3096 ideo,
322 3028 356 3081 ut
372 3020 570 3101 Augustinus
590 3018 704 3091 relert,
719 3017 756 3076 at
777 3016 815 3076 de
828 3015 897 3076 Cir.
919 3015 995 3087 Dei,
1049 3031 1121 3091 quae
1135 3017 1245 3075 carent
1262 3017 1396 3084 ratione.
1421 3018 1511 3098 jussa
1527 3024 1601 3084 sunt
1621 3021 1754 3084 interdici
1779 3040 1845 3101 pro

210 3116 281 3178 cap.
298 3100 353 3171 11,
376 3098 400 3163 d
419 3100 539 3177 princ,
560 3105 628 3159 octo
653 3113 764 3175 periero
783 3112 943 3179 penarum
963 3096 997 3156 in
1048 3098 1184 3173 peccato
1193 3095 1451 3165 amalecitartnn,
1467 3104 1501 3157 111
1516 3100 1651 3160 habetur
1665 3101 1680 3159 1
1696 3103 1771 3195 lleg.
1788 3102 1837 3161 15.

209 3176 328 3255 legibus
346 3196 407 3237 esse
422 3175 532 3269 scribit
552 3176 694 3267 Tullios:
712 3174 839 3265 scilieet·
851 3180 994 3238 arcitum,
1048 3172 1133 3249 Ergo
1151 3172 1289 3263 vindicta
1305 3175 1498 3252 quandoque
1513 3184 1681 3238 exercetur
1695 3180 1728 3239 in
1742 3196 1841 3242 mm.

209 3250 1003 3420 {cerii§effagitffilrltiuprvdtzt’egletribpffidatili?opleegnqulg
1049 3249 1301 3420 Ιυῖξῆῐξῖοῗῖοοοο,
1315 3332 1438 3393 coactio
1452 3332 1590 3393 maxime
1603 3340 1761 3413 repugnat
1775 3352 1844 3397 vo-

209 3412 325 3475 emittit
338 3412 412 3494 quis
423 3411 565 3490 eorporis
578 3409 848 3481 incolumitatem
860 3416 997 3469 servitu·
1049 3404 1201 3467 luntario.
1225 3406 1284 3468 Sed
1298 3408 1414 3487 aliquis
1429 3412 1485 3487 qui
1497 3411 1610 3472 timore
1632 3417 1761 3475 coacttrs
1774 3414 1842 3475 ali-

209 3497 285 3558 tem.
302 3496 333 3552 et
351 3491 492 3559 vinculo,
533 3505 569 3552 er
583 3504 656 3571 que
676 3487 779 3565 perdit
798 3486 994 3558 libertatem3
1048 3483 1134 3559 quod
1156 3490 1321 3563 peccatum
1339 3489 1518 3562 committit,
1538 3506 1603 3551 non
1627 3496 1757 3568 propter
1778 3492 1847 3555 mg.

208 3570 349 3643 exitium,
387 3588 424 3631 er
440 3508 532 3647 quod)
542 3565 646 3661 perdit
663 3564 819 3653 patriam3
834 3563 994 3631 domnum,
1024 3614 1032 3630 ,
1049 3568 1173 3623 reatum
1187 3580 1288 3640 poenae
1302 3566 1417 3628 evadit.
1433 3568 1519 3645 Ergo
1531 3566 1670 3631 vindicta
1689 3570 1841 3647 quando,-

208 3664 267 3723 per
291 3588 386 3727 quod)
401 3647 504 3726 perdit
522 3646 668 3719 divitias3
693 3642 912 3723 ignominiam,
938 3660 996 3721 per
1048 3643 1599 3717 queexerceturininvolunterios.
1724 3689 1728 3697 .

207 3740 304 3801 quam
316 3725 418 3803 perdit
433 3725 579 3805 gloriam.
941 3740 948 3751 ·
998 3741 1003 3751 ·
1087 3718 1117 3779 5.
1128 3720 1296 3793 Preterea,
1311 3723 1499 3783 Ambrosius
1511 3722 1586 3786 dicit
1594 3740 1694 3805 super
1704 3726 1836 3800 Lucam,

248 3802 293 3861 td
309 3804 447 3880 primum
464 3819 541 3881 orgo
556 3800 727 3864 dicendum
741 3798 826 3877 qudd
840 3798 995 3859 Dominus
1048 3814 1119 3875 cap.
1133 3796 1163 3871 5,
1180 3798 1214 3857 in
1225 3798 1328 3877 princ.
1345 3802 1390 3880 let
1402 3800 1539 3865 habetur
1551 3820 1621 3881 cap.
1644 3804 1720 3867 Non
1734 3804 1839 3873 vurta*

206 3878 355 3959 prohibet
378 3878 534 3942 eradicari
555 3880 698 3950 zizania,
714 3878 844 3955 quando
866 3874 997 3936 timetur
1049 3884 1111 3943 tur,
1130 3874 1181 3948 at,
1196 3882 1309 3953 quaest.
1324 3878 1367 3958 t),
1384 3879 1470 3959 qubd
1490 3881 1636 3949 navicula
1650 3882 1685 3942 in
1701 3882 1761 3961 qud
1772 3892 1841 3944 erar

207 3974 249 4018 ne
265 3958 361 4019 simul
379 3957 513 4019 cumeis
531 3956 710 4019 eradicetur
726 3959 757 4016 el
770 3954 921 4015 triticum.
936 3954 995 4016 Sed
1047 3953 1163 4023 ludus,
1189 3954 1389 4026 turbabatur,-
1414 3954 1686 4026 unde'etPetrus,
1722 3960 1755 4021 ui
1771 3968 1840 4024 erut

206 4034 402 4119 quandoque
415 4033 721 4176 1possunteradicari
737 4033 812 4093 mali
829 4050 888 4109 per
901 4048 1005 4093 mor-⁴
1048 4034 1154 4110 firmes
1166 4034 1284 4095 meritis
1293 4034 1369 4108 suis,
1379 4034 1561 4096 turbabatur
1574 4036 1693 4098 olienis.
1744 4038 1839 4099 dPe-

206 4119 270 4176 tem
287 4114 413 4176 nonsol

206 4193 323 4275 magud
340 4193 478 4256 utilitate
491 4195 659 4254 bonorum.
670 4190 711 4251 llt
721 4188 791 4251 ideo
801 4190 835 4249 iu
847 4188 903 4250 tali
917 4204 1003 4251 casu
1047 4186 1088 4248 do
1111 4206 1153 4251 ue
1166 4187 1403 4252 involuntarius
1436 4192 1557 4255 unitur.

205 4274 311 4351 potest
324 4290 418 4351 poena
432 4272 543 4333 mortis
555 4268 775 4350 peccatoribus
795 4264 905 4346 indigi.
1088 4206 1148 4327 ξοᾱ
1160 4270 1273 4329 contra
1285 4272 1333 4328 est
1346 4210 1434 4347 quod
1444 4287 1538 4347 puna
1551 4270 1682 4334 debetur
1689 4276 1841 4349 peccato.¹

244 4350 295 4411 hd
311 4351 491 4414 secundum
505 4347 676 4410 dicendum
690 4342 777 4423 quod
794 4362 905 4405 omnes
922 4362 995 4423 pec·
1047 4344 1106 4405 Sed
1121 4362 1215 4406 ornne
1230 4349 1397 4423 peccatum
1410 4352 1458 4409 est
1471 4348 1700 4421 voluntarium,
1714 4354 1750 4409 ut
1760 4350 1843 4413 dicit

205 4434 314 4491 cantes
334 4429 515 4491 mortaliter
537 4427 624 4508 digni
652 4429 729 4487 sunt
749 4428 850 4485 morte
864 4422 994 4485 aeterna
1048 4422 1837 4506 Augustinus‚'lib.3delib.hrbitr..cap.l.circ.

204 4506 362 4583 quantdm
376 4506 416 4569 ad
435 4507 574 4567 luturam
591 4503 843 4571 retributionem,
880 4518 930 4563 ute
947 4508 995 4564 est
1047 4500 1116 4564 lln..
1131 4504 1163 4562 et
1178 4500 1234 4561 lib.
1256 4501 1272 4560 1
1292 4502 1443 4578 Retract,
1459 4522 1529 4582 cap.
1551 4506 1582 4566 ti.
1597 4506 1682 4585 Ergo
1703 4508 1736 4567 in
1752 4507 1839 4569 solos

204 4584 380 4645 secundum
393 4586 560 4645 veritatem
570 4581 668 4643 divini
680 4580 801 4659 judicii.
821 4520 880 4641 Sed
893 4597 995 4658 poentu
1047 4579 1246 4640 voluntarios
1260 4580 1439 4644 exercenda
1453 4589 1502 4643 est
1516 4584 1664 4645 vindicta.

205 4662 369 4755 praesentis
395 4663 467 4753 vitan
489 4659 692 4751 suntmagis
714 4659 937 4755 medicinalem⁴
963 4664 995 4719 et
1087 4656 1275 4749 Respondeo
1285 4658 1452 4753 dicendum
1463 4662 1548 4739 quod
1563 4680 1658 4741 poenn
1671 4662 1845 4802 dupliciter

204 4741 275 4802 ideo
289 4741 351 4801 illis
366 4740 446 4802 sobs
459 4744 579 4817 peccati
591 4754 686 4829 puna
704 4743 815 4798 mortis
839 4736 995 4817 rullrgrtur
1048 4740 1152 4814 potest
1168 4735 1364 4799 considerari
1380 4757 1388 4797 t
1403 4754 1469 4800 uuo
1481 4740 1576 4801 modo
1591 4742 1711 4803 secund
1739 4760 1768 4802 m
1785 4760 1842 4805 ra-

204 4836 276 4897 qua
288 4818 320 4879 in
334 4835 463 4897 gravem
478 4816 651 4911 perniciem
665 4816 804 4876 aliorum
817 4816 943 4877 cedunt.
1048 4814 1168 4885 tionem
1193 4832 1305 4892 poenae,
1330 4821 1361 4876 et
1380 4816 1555 4879 secundum
1578 4818 1637 4879 boc
1654 4836 1749 4897 puna
1775 4836 1841 4881 uon

244 4897 290 4956 Ad
310 4896 439 4957 tertium
461 4896 628 4958 dicendum
649 4894 734 4973 qudd
747 4893 876 4973 quando
898 4894 994 4955 simul
1047 4891 1181 4955 debetur
1196 4892 1256 4953 nisi
1271 4898 1413 4972 peccato,
1427 4897 1505 4974 quia
1521 4914 1579 4975 per
1598 4915 1725 4974 poetvam
1741 4916 1840 4975 repa-

205 4990 278 5034 rum
293 4973 388 5053 culpd
402 4975 572 5036 innotescit
584 4980 615 5034 et
631 4990 725 5051 piena
740 4972 790 5033 vel
805 4972 928 5041 mortis,
944 4972 994 5031 vel
1047 4976 1139 5033 ratur
1153 4972 1319 5049 equalitas
1332 4972 1474 5051 justitiae,
1488 4976 1520 5035 in
1536 4979 1695 5053 quantum
1713 4977 1767 5035 ille
1785 4980 1842 5053 qut

202 5070 412 5133 quecumque
428 5054 503 5125 alia,
515 5070 613 5130 quam
631 5052 728 5111 homo
745 5052 864 5122 horret,
880 5068 920 5109 ex
934 5050 994 5112 hoc
1047 5049 1208 5128 peccando
1216 5049 1310 5111 nimis
1320 5056 1447 5114 secutus
1456 5058 1504 5113 est
1519 5067 1611 5115 suam
1629 5054 1841 5119 voluntatem.

203 5132 273 5208 ipso
294 5132 440 5194 voluutas
463 5131 570 5211 ejusd
589 5128 748 5209 peccando
770 5128 992 5189 abstrahiturt
1047 5128 1168 5206 aliquid
1179 5134 1389 5189 contrasuam
1404 5132 1599 5195 voluntatem
1612 5133 1742 5210 patitur.
1754 5132 1844 5193 Unde

203 5212 282 5289 quia
303 5212 375 5288 plus
393 5216 491 5275 terret
513 5227 607 5291 poena
630 5207 729 5286 quam
748 5206 868 5277 alliciat
881 5224 995 5270 exem·
1048 5204 1123 5268 crim
1137 5223 1233 5267 omne
1255 5214 1420 5284 peccatum
1440 5210 1480 5271 sit
1496 5212 1726 5278 voluntarium.
1743 5210 1844 5273 etiarn

201 5290 290 5368 plum
305 5292 418 5368 eulpa).
1047 5285 1215 5365 originale,
1229 5292 1266 5345 ut
1287 5302 1385 5365 supra
1403 5288 1546 5349 habitum
1563 5297 1622 5362 est,
1640 5290 1707 5358 l-2‚
1724 5298 1831 5366 quest

203 5372 386 5433 darreucus
404 5388 451 5429 nv.
469 5362 627 5429 -lltrtim
641 5364 782 5425 vindicta
795 5364 838 5425 sit
850 5380 993 5424 exerceo·
1046 5362 1096 5435 81,
1118 5368 1178 5425 art.
1197 5364 1226 5434 1,
1244 5372 1499 5441 consequensest
1516 5368 1600 5445 qudd
1617 5368 1726 5429 nullus
1742 5368 1845 5445 puni-

253 5448 295 5509 do
308 5450 344 5509 ie
358 5467 409 5509 eoa
424 5446 479 5527 qui
496 5443 708 5508 involuntarie*
719 5452 938 5523 peccaverunt.
1046 5447 1100 5502 tur
1117 5440 1177 5503 hoc
1200 5442 1305 5512 modo,
1329 5443 1390 5503 nisi
1412 5460 1470 5521 pro
1485 5460 1523 5505 eo
1545 5448 1630 5523 quod
1656 5446 1846 5507 voluntarie

241 5525 287 5587 hd
300 5534 452 5605 quartum
465 5524 512 5586 sie
526 5521 719 5603 proceditur.
731 5521 991 5599 1.Videturqudd
1047 5520 1164 5584 lactum
1181 5526 1239 5582 est.
1255 5520 1429 5584 Aliomodo
1445 5530 1547 5601 potest
1562 5526 1758 5586 considerari
1772 5542 1846 5602 poe-

204 5605 340 5667 vindicta
361 5607 402 5667 sit
416 5602 595 5665 exercenda
614 5603 646 5662 in
667 5619 721 5663 eos
741 5602 797 5681 qui
814 5600 992 5662 voluntarie
1048 5616 1102 5667 na.
1123 5600 1324 5676 inquantum
1340 5606 1389 5661 est
1402 5600 1558 5663 medicina
1576 5621 1640 5663 non
1657 5603 1760 5663 soltim
1778 5620 1847 5665 sa-

201 5689 425 5758 peecaveruut.
440 5683 597 5747 Voluntas
616 5682 700 5743 euim
716 5683 812 5741 unius
828 5698 992 5741 norton·
1043 5680 1155 5741 nativa
1169 5678 1287 5754 peccati
1302 5680 1450 5755 praeteriti
1461 5724 1470 5753 ,
1481 5682 1535 5742 sed
1551 5684 1646 5743 etiam
1663 5700 1847 5763 praeserva-

202 5761 348 5825 seouitur
363 5762 559 5824 voluntatem
572 5761 715 5823 alterius.
729 5760 789 5821 Sed
804 5776 887 5822 unus
897 5758 1002 5839 puni-³
1047 5760 1112 5821 tiva
1130 5756 1148 5819 d
1164 5762 1294 5834 peccato
1304 5756 1423 5837 tuturo,
1434 5760 1485 5825 vel
1497 5762 1594 5825 etiarn
1610 5760 1790 5841 promotiva
1804 5760 1849 5827 ln

440 4133 471 4174 m
484 4114 554 4175 sine
569 4112 732 4191 periculo,
743 4111 798 4172 sed
813 4112 910 4173 etiam
922 4128 995 4171 cum
1049 4113 1116 4171 trus
1133 4127 1197 4171 non
1208 4111 1336 4173 volebat
1349 4118 1511 4189 peecatum
1526 4114 1624 4177 Judoe.
1637 4116 1718 4195 llrgo
1731 4130 1837 4193 quan-¹
