4067 6175
322 352 392 410 rso
743 302 1493 402 sousuvmonoorcnsecuuosseeounn
1845 352 1893 410 iso

247 540 250 546 ¹
319 466 503 530 necessaria
514 464 595 539 vitre,
610 463 642 524 et
655 458 741 539 qudd
751 456 962 521 communiter
972 472 1107 517 conser-
1159 470 1230 514 rem
1247 455 1385 516 bominis
1396 456 1521 517 videtur
1532 452 1572 516 ad
1586 454 1895 533 perlectionemrirton,

320 552 447 610 ventur.
1140 588 1146 598 ,
1160 532 1331 609 pertinere.
1358 533 1417 593 Sed
1439 536 1535 594 bomo
1552 538 1601 594 est
1616 538 1795 599 naturaliter
1809 546 1897 611 animat

360 624 408 685 Ad
434 624 586 699 quartum
611 614 779 679 dioendum
803 612 888 692 qudd
909 614 1001 673 Isaeo
1029 628 1109 687 pos-
1159 610 1324 681 sociabile,
1336 614 1374 670 ut
1395 612 1606 689 Philosophus
1626 614 1700 673 dicit
1722 614 1779 676 inl
1798 619 1889 686 lolitic

318 702 477 763 sessiones
487 698 644 760 renuebat
657 692 814 787 accipere,
829 690 906 768 quia
919 691 1051 749 timebat
1066 706 1106 749 ne
1160 703 1230 764 cup.
1246 687 1277 762 Ξ,
1293 686 1428 765 dprine.
1444 690 1528 767 llrgo
1545 690 1670 751 videtur
1682 692 1762 769 qubd
1772 673 1898 773 egerern’

319 798 377 857 per
392 776 500 839 booad
512 772 691 852 superfluas
707 771 833 831 divitias
848 768 1031 839 veniretur,
1048 783 1107 843 per
1158 764 1299 825 litorium
1311 766 1409 826 vitam
1421 784 1486 828 non
1500 768 1541 828 sit
1557 768 1725 845 perfectius
1738 770 1823 849 quim
1832 792 1900 855 egere

319 873 457 933 quartem
476 857 612 916 abusum
629 850 838 928 impediretur
851 844 1015 925 religionis
1033 862 1107 920 per·
1158 843 1256 903 ritem
1268 844 1431 905 socialem.

319 934 425 995 lectio.
435 932 521 994 Unde
533 928 705 1009 Gregorius
720 925 794 987 ibid.
807 924 913 985 subdit
923 924 1110 984 :Siemrtue-
1198 920 1257 980 Sed
1272 928 1384 982 contra
1402 926 1450 982 ost
1466 922 1765 1003 qubdllugustinne‚
1779 929 1807 987 in
1818 932 1900 999 line

318 1011 369 1072 bot
380 1010 573 1147 peffertotis
586 1024 649 1067 rue
662 1006 855 1066 securitatem
880 1000 1008 1093 erdere.
1024 1002 1106 1062 aieret
1157 996 1317 1091 Operibus
1329 1006 1571 1071 monachornm,
1585 1018 1655 1079 cap.
1670 1002 1719 1075 m,
1730 1002 1842 1083 elmod,
1851 1010 1900 1075 inp

317 1091 407 1151 oceri
445 1089 534 1150 inites
550 1085 649 1146 solent
670 1084 830 1162 periturns
875 1080 981 1141 sestias
999 1084 1108 1137 ensto-
1157 1085 1409 1138 roncnorrsesse
1423 1078 1498 1139 dirtt
1513 1081 1598 1157 quid
1611 1083 1900 1160 compectnltonim
1940 1117 1941 1128 .

317 1168 396 1230 dire.
414 1168 482 1226 Non
501 1168 609 1227 autem
627 1162 746 1241 legitur
762 1157 848 1237 quod
863 1156 1008 1217 renuerit
1020 1156 1107 1215 reci-
1157 1156 1303 1231 reparati,
1317 1156 1400 1217 nulli
1410 1157 1452 1216 od
1463 1158 1638 1249 reprobent
1652 1178 1808 1230 necessum,
1818 1168 1900 1227 mee..

317 1263 394 1323 pere
403 1245 511 1321 alique
521 1238 750 1302 necessariaad
759 1234 1106 1298 ritmsustentationem
1158 1240 1202 1291 tes
1216 1233 1252 1292 iss
1265 1236 1379 1311 mogsd
1390 1234 1563 1296 intentione
1573 1237 1760 1298 orationum.

316 1322 527 1383 communiter
538 1315 799 1381 conservandam.
1196 1311 1384 1388 Respondeo
1398 1312 1565 1374 dicendum
1584 1313 1671 1391 quod
1688 1316 1832 1391 solitudo,
1844 1323 1900 1385 simi

318 1479 326 1493 ·
357 1401 404 1460 ld
425 1400 575 1492 quintum
594 1390 869 1487 dicendumqubd
890 1389 1103 1481 Philosophus
1156 1390 1188 1447 el
1203 1388 1471 1481 ipse'paupertam
1487 1408 1552 1452 non
1566 1393 1698 1485 estipsa
1711 1397 1900 1476 essentiuper.

316 1496 351 1619 tl
367 1472 1103 1633 tll'llfll.inillistlltitlltll3
1156 1464 1301 1606 illiti
1314 1467 1899 1627 ÷.⁸d„tttlill¹l.lti]¹ll.ll

340 1635 472 1695 eonnias
495 1632 573 1694 verb
594 1629 722 1691 divilias
748 1644 818 1687 esse
841 1624 1037 1686 artilloiales.
1065 1623 1104 1683 lit
1155 1638 1227 1700 cap.
1247 1624 1278 1696 ’1,
1297 1624 1330 1683 in
1351 1626 1467 1701 prino,
1488 1625 1564 1686 dicit
1585 1627 1688 1688 ebbae
1708 1627 1824 1707 Moyses
1842 1634 1900 1707 qnll

315 1714 390 1773 rode
410 1716 458 1773 est
481 1710 566 1789 quod
587 1708 718 1786 quidam
739 1704 923 1780 Philosophi
951 1702 1105 1763 nolebant
1150 1716 1213 1778 pro
1221 1702 1364 1778 puritate
1374 1702 1479 1763 cordis
1488 1702 1626 1765 solitudo
1636 1706 1835 1774 rectondorst,
1845 1710 1900 1770 sicut

314 1792 362 1851 nti
375 1790 522 1868 pecnnia,
535 1787 590 1849 sed
605 1785 677 1847 aliis
693 1786 801 1853 rebus,
817 1783 911 1858 qnasi
926 1775 1102 1841 secundnm
1155 1782 1186 1837 ct
1194 1778 1329 1857 jejunia,
1342 1786 1374 1840 et
1385 1781 1450 1842 ulia
1464 1781 1660 1860 hujusmodl.
1676 1782 1859 1845 ldnnilestnm
1869 1796 1900 1849 est

315 1868 626 1929 naturamviventos.
639 1860 976 1937 Etidebllieronymus
986 1858 1102 1918 ibidem
1154 1862 1262 1916 autern
1280 1857 1366 1934 qudd
1381 1860 1519 1920 solitudo
1538 1876 1604 1920 non
1623 1864 1675 1921 est
1694 1860 1900 1925 instrumentum

314 1963 373 2024 per
387 1945 577 2007 sententiam
591 1940 732 2011 Domini,
747 1938 802 2015 qui
815 1937 963 1997 similiter
975 1938 1105 1994 utrum-
1154 1950 1214 1993 oon
1277 1952 1332 1994 nm
1351 1936 1489 2009 actioni,
1514 1939 1570 1999 sed
1592 1940 1849 2015 contemplationi,
1865 1961 1901 2003 se-

314 2041 379 2101 que
398 2022 572 2093 interdicit,
596 2016 734 2081 ostendit
754 2014 840 2093 quod
862 2015 895 2074 in
918 2013 1000 2074 idem
1020 2012 1104 2072 redit
1153 2028 1215 2071 cun
1237 2010 1293 2073 dm
1314 2014 1398 2076 illud
1414 2014 1505 2076 Osee
1518 2016 1550 2089 2,
1564 2014 1603 2077 tt
1617 2037 1624 2076 ε
1638 2018 1900 2080 Dueomennism

314 2101 435 2163 babere
452 2100 622 2178 pecuniam
642 2103 671 2157 et
691 2095 772 2156 alias
791 2110 843 2155 res
857 2093 929 2155 vitas
949 2106 1104 2153 necessa-
1153 2088 1332 2159 titudinem,
1354 2101 1383 2152 et
1398 2094 1510 2172 loquor
1527 2094 1569 2154 od
1587 2111 1643 2153 cor
1664 2094 1740 2173 ejus.
1765 2096 1841 2157 lludc
1856 2116 1900 2158 non

313 2179 390 2240 rius.
408 2180 445 2239 Et
462 2184 566 2239 tamen
580 2175 653 2237 licet
667 2172 823 2235 Dominus
841 2170 1022 2249 huiusmodi
1037 2184 1103 2229 non
1153 2169 1302 2246 congruit
1320 2170 1530 2249 religionibus
1551 2188 1625 2249 qun
1640 2177 1720 2233 sunl
1736 2173 1900 2235 οιιιιιειειι

313 2258 437 2336 portari
458 2256 491 2315 in
515 2254 568 2317 vid
591 2255 633 2315 ab
654 2253 703 2314 bis
727 2252 783 2329 qni
804 2249 844 2311 ad
865 2246 1103 2327 praedicandum
1153 2262 1253 2322 opera
1267 2247 1339 2309 vitu
1352 2250 1544 2310 actiresive
1558 2252 1901 2329 corporalia,sivespiri·

313 2336 532 2405 mittebantur,
556 2331 767 2400 ordinaverit,
788 2344 852 2389 non
876 2333 983 2388 tamen
1006 2342 1045 2385 ea
1069 2326 1102 2385 in
1153 2324 1271 2393 tunlier
1287 2326 1350 2387 nisi
1360 2326 1441 2387 lortd
1451 2326 1492 2388 ad
1501 2332 1639 2405 tempus,
1651 2329 1899 2407 exemploCbristi,

313 2413 475 2473 communi
496 2410 679 2472 conservari
696 2407 871 2485 probibuit.
892 2404 1039 2479 Qualiter
1053 2411 1104 2464 ta·
1152 2403 1221 2479 qui,
1235 2407 1272 2463 ut
1286 2403 1403 2465 dicitur
1415 2406 1511 2467 Luem
1524 2406 1556 2478 o,
1573 2405 1632 2465 la:
1649 2407 1794 2468 Emittis
1803 2422 1900 2467 mentm
1940 2439 1941 2484 p

313 2492 455 2553 mouille
472 2487 709 2551 rerbaDomini
724 2482 932 2621 ιιιιειὲιέειιιιε
946 2483 1026 2550 sint,
1044 2497 1104 2539 sn·
1151 2480 1237 2570 solers
1257 2497 1367 2547 orere.
1392 2490 1422 2543 et
1444 2494 1510 2545 etot
1529 2492 1724 2563 pernoctem
1741 2486 1777 2545 in
1795 2486 1901 2545 oration
1940 2501 1941 2510 ¹

313 2564 797 2646 preostensnmest,queest.t
844 2558 1099 2633 ,art.tl,ad2,
1152 2557 1224 2617 Der.
1940 2545 1941 2616 l

276 2666 277 2671 ¹
314 2652 345 2706 et
358 2647 421 2719 1-2,
433 2650 545 2723 quest.
558 2644 627 2716 lou,
641 2647 701 2705 art.
715 2642 746 2712 2,
758 2641 796 2702 ad
812 2639 841 2698 3.
1191 2635 1346 2715 Competit
1367 2644 1476 2701 autem
1492 2640 1704 2719 religionibus
1720 2657 1790 2718 qun
1801 2640 1901 2701 suntal

313 2730 492 2785 Anvreonus
506 2716 969 2857 vnn-tltmlmprurlrctiorsit
984 2713 1098 2807 religio
1151 2717 1451 2793 contemplationem
1473 2718 1638 2779 ordinator.
1663 2718 1900 2781 Considerandum

352 2803 388 2862 io
405 2802 550 2863 societate
565 2798 767 2877 nicentiump
810 2794 1101 2873 magmteumsolr-
1150 2797 1199 2853 est
1216 2798 1322 2854 tamen
1337 2794 1423 2871 qudd
1441 2795 1471 2855 id
1491 2796 1578 2872 qnod
1590 2802 1640 2858 est
1653 2798 1826 2859 solitarium
1837 2797 1900 2856 debet

354 2880 465 2941 terium
479 2878 584 2939 eitam.
1150 2888 1222 2931 esse
1238 2871 1299 2932 sibi
1312 2890 1416 2950 perse
1430 2874 1606 2935 sulliciens.
1621 2875 1693 2937 Hoc
1704 2884 1806 2936 autem
1818 2881 1857 2935 est
1866 2874 1900 2933 eui

353 2958 398 3019 Ad
413 2962 561 3021 octavum
571 2955 618 3017 sio
628 2950 821 3032 proceditur.
833 2952 861 3009 l.
870 2946 1099 3024 Videtnrqubd
1150 2948 1230 3009 nibil
1240 2948 1340 3023 deest,
1353 2952 1439 3028 quod
1454 2952 1592 3029 pertinet
1604 2952 1645 3013 ud
1659 2955 1812 3015 rationem
1824 2951 1899 3029 perte

312 3034 482 3114 perfectior
502 3034 544 3096 sit
564 3032 678 3110 religio
700 3031 733 3092 in
755 3029 906 3090 societate
922 3026 1098 3085 viventium
1149 3026 1209 3099 eti;
1231 3032 1263 3087 et
1282 3027 1353 3090 ideb
1374 3028 1512 3091 solitudo
1528 3032 1682 3109 conpetit
1697 3030 1899 3108 contempnet.

312 3111 412 3191 qulm
440 3113 602 3192 agentium
632 3109 810 3170 solitariam
836 3105 945 3166 vitam.
975 3104 1099 3163 Dicitur
1148 3105 1522 3183 qnijnmadperlectum
1556 3111 1691 3172 ervenit.
1707 3107 1899 3186 Quodqnirlen

312 3193 398 3252 enim
420 3191 524 3251 Eccle.
539 3183 761 3262 l,tl=Melirls
776 3189 821 3243 ert
837 3182 915 3242 duos
930 3181 1097 3241 eesrrinuil
1148 3183 1303 3260 oontinglt
1317 3183 1497 3261 dupliciter.
1542 3202 1585 3246 no
1597 3187 1745 3249 modoet
1754 3185 1900 3247 solodivino

311 3269 403 3348 purim
416 3285 512 3330 smmi
525 3287 534 3328 .·
548 3265 657 3328 babent
668 3264 748 3324 enim
758 3260 992 3322 emolumentum
1000 3259 1098 3319 rocie-
1149 3275 1297 3330 munere,
1315 3264 1397 3322 siout
1413 3267 1500 3338 putot
1512 3263 1552 3324 de
1562 3264 1690 3325 Joenne
1705 3265 1849 3342 llnptistl,
1861 3262 1899 3339 qvi

313 3349 388 3409 totis
396 3366 469 3408 seeo.
486 3343 721 3426 lgitnrvidetur
728 3339 897 3420 perfectior
905 3355 976 3399 esse
983 3336 1098 3416 religio
1147 3337 1210 3414 silit
1230 3339 1373 3413 reptem,
1387 3341 1514 3416 Spiritu
1534 3350 1644 3402 roseto
1665 3342 1766 3404 odboe
1783 3361 1818 3402 ec
1836 3350 1899 3400 etro

311 3425 345 3486 in
358 3427 508 3486 societate
523 3423 708 3486 viventium.
1147 3417 1257 3476 metris
1269 3435 1350 3485 rec:
1365 3417 1450 3478 unde
1463 3416 1538 3480 crim
1548 3419 1655 3481 adbuc
1669 3437 1751 3498 puer
1760 3421 1900 3490 emeterii

350 3503 381 3562 ἰ
398 3505 572 3575 Ριιειειεε,
591 3501 702 3562 Μειιιι.
727 3495 777 3566 18,
796 3496 855 3566 no,
879 3493 997 3555 dicitnr
1011 3512 1020 3551 ι
1035 3492 1097 3554 lidi
1148 3492 1182 3552 in
1204 3493 1356 3566 desertis,
1383 3502 1421 3556 ut
1444 3495 1561 3558 dicitur
1586 3499 1682 3560 Lnore
1705 3501 1733 3558 l.
1753 3499 1818 3559 lllio
1834 3495 1900 3555 modo

310 3582 428 3662 'terrim
441 3580 503 3642 duo
517 3580 563 3642 eei
575 3587 636 3638 tres
646 3575 826 3656 congregati
837 3575 872 3635 in
883 3572 1006 3632 nomine
1018 3589 1095 3638 meo.
1148 3587 1206 3648 per
1216 3574 1405 3634 exercitium
1416 3575 1549 3638 virtuosi
1561 3575 1667 3650 actile,
1677 3571 1901 3638 secunddmillrd
1939 3598 1940 3611 ι

312 3659 359 3722 tos·
371 3677 439 3719 rum
453 3675 507 3738 rgo
523 3659 558 3720 im
569 3657 669 3717 medio
686 3671 801 3714 eorum.
824 3652 883 3713 Sed
899 3649 979 3710 nibil
993 3653 1098 3726 potest
1148 3648 1189 3709 ad
1201 3650 1300 3710 liebr.
1315 3649 1347 3723 t,
1361 3651 1399 3713 lt
1411 3673 1419 3712 ε
1431 3653 1821 3734 Persectoromeetrolidm
1830 3651 1899 3711 citet.

311 3726 1100 3892 ttttultlttllttlttzttll.itui.
1149 3729 1900 3875 ffifflilisslmiiiifflffl

311 3893 410 3972 qubm
424 3894 541 3952 ducere
555 3889 729 3952 solitariam
744 3888 853 3947 vitem.
1189 3883 1237 3945 Ad
1261 3887 1448 3947 exercitium
1471 3892 1579 3949 antem
1601 3889 1785 3968 hujusmodi
1805 3889 1900 3948 iuvatur

351 3971 381 4030 3.
397 3966 744 4041 ermeneumata
764 3962 930 4042 religionis
949 3965 1024 4024 vota
1042 3977 1099 4022 vo·
1149 3962 1248 4023 bomo
1269 3981 1311 4024 ex
1330 3965 1468 4026 aliorum
1488 3967 1642 4029 societate
1658 3957 1822 4046 dupliciter
1836 3985 1843 4023 ε
1855 3977 1900 4023 nro

313 4053 381 4110 tum
396 4047 582 4110 obedientiae
592 4043 801 4108 excellentius
814 4046 873 4113 est,
887 4045 919 4102 et
934 4041 1099 4102 humilitas
1150 4041 1246 4100 modo
1258 4041 1418 4118 qnantum
1430 4043 1471 4105 ad
1485 4043 1694 4118 intellectum,
1710 4053 1745 4106 ut
1758 4046 1900 4106 instmatrr

312 4131 362 4188 est
381 4125 521 4187 maxime
539 4127 606 4186 Deo
625 4125 766 4200 accepta.
788 4120 847 4180 Sed
869 4118 1051 4180 obedientia
1068 4123 1101 4179 et
1151 4118 1185 4178 iu
1199 4119 1249 4179 bis
1261 4128 1420 4196 querunt
1433 4123 1695 4202 contemplanda3
1716 4124 1797 4185 unde
1810 4122 1899 4182 llirro-

313 4205 474 4266 humilitus
499 4203 599 4282 magis
623 4203 837 4262 observantur
863 4198 897 4259 in
925 4211 1100 4258 eonversa-
1151 4213 1268 4275 nymns
1290 4197 1366 4260 dicit
1384 4200 1424 4261 ad
1445 4201 1566 4262 llustic.
1583 4203 1745 4274 monson,
1762 4206 1829 4262 aute
1840 4193 1897 4256 mol·

313 4285 400 4344 tione
416 4280 515 4360 qudm
530 4282 563 4341 in
580 4279 771 4342 solitudine:
785 4277 859 4338 dicit
871 4276 957 4338 enim
976 4275 1101 4336 lliero-
1151 4274 1244 4351 epist.
1260 4293 1268 4333 s
1284 4276 1368 4338 litte·
1376 4278 1479 4355 ploret
1494 4288 1530 4340 ut
1544 4277 1655 4342 bodens
1665 4290 1833 4342 tenerorum
1843 4290 1899 4334 ror·

313 4379 427 4441 nymus
449 4361 488 4422 ad
509 4359 675 4420 Rusticum
693 4356 903 4428 monachum,
920 4357 995 4415 ante
1015 4353 1098 4414 med.
1151 4351 1337 4421 tuberniem.
1350 4373 1406 4415 nec
1423 4357 1487 4435 ipse
1502 4356 1661 4419 trdocros.
1678 4356 1899 4430 Secunddquu·

312 4429 1099 4597 ltlt.i,²..lt.³⁰..tt.lt.tttltttttstlido
1151 4425 1898 4590 lit.ll.⁶.ittlultt⁰llt⁶l,t3t⁰.tltt·tt

311 4593 500 4658 econtrario
509 4598 615 4656 autem
626 4593 693 4670 ipse
703 4592 874 4653 doeeleum
886 4589 942 4664 qul
955 4589 988 4649 in
997 4588 1100 4648 socie-
1151 4587 1300 4658 aliorum,
1314 4588 1403 4666 qnia,
1419 4595 1455 4649 ut
1465 4591 1540 4652 dicit
1553 4591 1738 4670 Gregorius,
1753 4591 1790 4650 3⁰
1802 4581 1896 4650 iloni-2

313 4677 378 4734 tate
392 4675 481 4745 vivit,
497 4673 604 4735 dicens
617 4692 624 4730 ι
638 4693 653 4728 e
665 4671 733 4731 Non
746 4666 938 4744 laniosquod
952 4667 1010 4738 vis,
1019 4683 1101 4727 eom
1151 4681 1250 4742 super
1261 4666 1340 4729 illud
1354 4687 1361 4726 :
1375 4667 1439 4729 Cui
1458 4668 1530 4730 dedi
1549 4669 1585 4730 in
1604 4669 1772 4732 solitudine
1791 4667 1896 4728 roem.

314 4750 512 4828 «edasqnod
524 4750 785 4829 juberis,babeas
801 4742 1101 4823 qnantdmacoepe·
1150 4759 1222 4820 cap.
1246 4744 1296 4817 ιι,
1319 4746 1405 4808 circa
1425 4746 1530 4819 med,
1605 4747 1634 4808 'd
1647 4747 1774 4826 prodest
1792 4737 1896 4804 roiitetr

314 4829 398 4902 eris,
409 4827 648 4919 subjiciariscui
659 4842 723 4888 non
733 4826 791 4896 vis,
801 4823 923 4886 servias
933 4821 1099 4913 tratribus,
1152 4823 1308 4912 eorporis.
1323 4823 1352 4884 ri
1363 4824 1501 4886 solitudo
1515 4763 1647 4904 drmit
1664 4824 1789 4886 cordis?
1805 4821 1839 4882 lit
1849 4811 1897 4875 idel

314 4905 740 5048 :inlitteratis
755 4905 918 5042 ttulit
928 4900 1102 5038 ”idmeill
1151 4901 1897 5052 llltntlltltttittl’‘stottffldi

312 5005 417 5144 giogin
443 4999 594 5126 rogiente
612 5001 787 5120 viventigm
806 5059 847 5120 sit
871 4995 1042 5136 perderetur
1060 5056 1100 5118 ed
1152 5021 1323 5116 ctisruude
1336 5057 1551 5137 Hieronymus
1559 5059 1658 5120 dic-ita
1687 4999 1896 5120 nessiorum

311 5160 385 5220 qum
401 5138 684 5203 solitariamvitnm
697 5137 773 5214 agit.
1152 5134 1259 5204 naon,
1286 5133 1348 5196 loe.
1373 5137 1427 5196 cit.
1444 5154 1453 5194 t
1471 5135 1675 5212 «Solitariam
1697 5136 1791 5198 vitam
1810 5141 1896 5202 reprc-

351 5219 381 5281 t.
403 5222 572 5288 meteres,
588 5215 741 5276 Dominus
763 5214 839 5274 dicit
859 5213 953 5274 Lucre
967 5212 1016 5283 ll,
1032 5212 1096 5272 33:
1152 5205 1836 5292 «bendimustminlmdmuippeqnanwud
1847 5204 1895 5262 ἢ*

312 5299 345 5360 N
347 5315 409 5358 emo
423 5297 563 5358 accendit
577 5295 746 5359 lucernum,
760 5301 789 5352 et
802 5290 838 5350 in
847 5289 1028 5352 abscondito
1036 5307 1099 5380 po·
1151 5311 1167 5344 r
1178 5288 1341 5362 darimns3
1362 5291 1417 5352 sed
1433 5290 1473 5352 de
1493 5291 1570 5352 ludo
1584 5291 1836 5354 monasteriorum
1850 5281 1895 5338 l*

312 5376 373 5442 nit.
386 5373 546 5454 nequerub
561 5373 676 5434 modio.
701 5370 760 5432 Sed
780 5369 825 5430 illi
845 5368 901 5446 qui
919 5367 1099 5428 solitariam
1152 5366 1353 5444 «jusoemodi
1376 5370 1525 5430 volumus
1552 5370 1658 5450 egredi
1684 5369 1812 5435 mittem
1834 5368 1893 5439 tm?

314 5455 443 5514 vitame
468 5459 536 5524 unt,
550 5452 696 5512 videntur
709 5465 780 5510 esso
795 5448 826 5508 in
839 5445 1027 5509 abscondito
1041 5461 1098 5521 po·
1151 5445 1277 5508 «eremi
1302 5445 1483 5510 rudimenta
1504 5447 1585 5509 dure
1609 5463 1676 5508 non
1698 5446 1892 5508 teneantrlll

312 5531 385 5602 siti,
415 5471 494 5592 nibil
521 5529 668 5590 utilitatis
701 5527 884 5588 bominibus
909 5523 1094 5612 aullerontm.
1148 5521 1893 5615 ‹meumeomusemttostunmltoteuvoo

311 5609 528 5687 Ergovidetur
542 5607 627 5686 qudd
639 5623 751 5668 eorum
767 5605 879 5685 religio
893 5619 956 5664 non
971 5607 1013 5662 su
1024 5619 1096 5679 per·
1151 5601 1361 5664 edederunt.»

312 5687 433 5748 lectior.
1188 5680 1586 5760 §imtergsttqnoujnm
1597 5679 1766 5758 pertenere
1777 5677 1892 5742 estin*

350 5763 371 5824 s
400 5767 566 5835 preterea,
580 5761 611 5824 id
628 5761 713 5840 quod
733 5765 780 5824 est
799 5755 973 5824 secundum
994 5764 1096 5822 nutu-
1148 5759 1267 5820 eoiret
1284 5760 1317 5820 ei
1333 5758 1422 5836 qued
1440 5759 1481 5822 ed
1500 5758 1727 5838 perlectionem
1746 5752 1891 5816 ernustus
1938 5768 1939 5815 l
