4067 6175
159 304 212 361 mr
606 292 738 353 sorren
756 270 988 341 rituuwutcl
1002 280 1158 343 susurrus
1172 278 1354 339 munuc.
1734 274 1787 335 crs

197 411 243 476 Ad
255 410 433 475 secuudum
444 406 613 471 dicendum
625 404 724 486 quot,
741 402 949 483 sienttugu-
999 396 1070 461 isus
1085 394 1199 457 molior
1218 398 1282 469 εει,
1297 392 1382 457 unde
1400 395 1432 454 et
1447 392 1516 457 e'us
1538 391 1721 483 oppositum
1740 398 1789 452 est

156 494 262 555 stiuus
286 488 404 567 ibidem
420 484 603 566 subjungit,
621 502 692 564 cap.
713 480 750 556 8,
761 478 872 572 ηιράειε
891 474 949 572 di·
999 472 1156 569 deterius3
1174 472 1265 563 pejus
1279 410 1519 539 enimestolfire
1532 487 1672 544 amicum
1690 466 1789 548 qudm

156 556 947 651 liomdilleumestuteatotocordedilroutunrd
1000 570 1178 641 immicum.
1459 626 1466 643 .
1685 624 1693 641 ·
1831 574 1840 587 ·

156 652 217 714 est.
227 655 265 711 ut
273 640 726 733 diligaturqnautdmeumque
733 641 838 720 potest
847 635 947 717 diligi3
1041 630 1185 722 Secundo
1200 630 1306 691 autem
1325 626 1419 721 modo
1436 624 1562 689 drlectlo
1576 622 1693 719 inimici
1705 642 1790 763 gru-

158 726 266 789 othon
280 714 950 807 pertiuetadmodumquicouvenitmeu-
1000 707 1347 787 eminetpropterduo.
1363 703 1693 797 andquidenrana
1727 704 1791 763 ile-

157 822 254 870 ειη).
1000 786 1115 851 ctionis
1124 786 1216 849 amici
1225 788 1410 878 potestesse
1422 784 1485 846 alra
1497 780 1789 861 ratioqurlmDeus3

198 883 246 945 lld
255 881 384 946 tertium
393 876 560 943 dicendum
568 874 653 955 qudd
662 871 849 937 allectioilla
857 869 948 949 cujus
1001 864 1056 927 sed
1073 864 1249 929 dilectionis
1274 862 1392 924 inimici
1412 862 1500 924 solus
1521 862 1607 923 Deus
1625 866 1674 922 est
1694 862 1789 922 ratio.

157 962 319 1042 objectum
327 955 593 1040 subjacetjudicio
606 952 753 1026 rationis,
767 953 816 1012 est
824 950 950 1013 ratione
1001 943 1146 1006 Secundo
1173 943 1250 1022 quia
1282 942 1514 1079 srusupposilo
1542 938 1633 1037 ⁸qudd
1656 944 1794 1031 uterquc

158 1038 385 1103 mensuranda.
401 1030 749 1125 Sedohjectumdiyinro
760 1028 949 1123 dilectionis,
1002 1021 1274 1115 propter-Deum·
1305 1021 1452 1099 rugatur,
1466 1017 1590 1112 'fortior
1614 1019 1795 1155 οειςηιιιιιιέ

159 1110 951 1260 illstlusisti‘lllltltl‘tttll
1001 1097 1795 1271 iiiodila‘fissiiiaiiiclitiifisqti‘ilini.

160 1276 295 1336 excedit.
310 1274 374 1334 Nec
386 1270 546 1339 estsimile
559 1266 598 1331 de
611 1266 754 1329 interiori
769 1263 953 1330 actucttari
1002 1263 1140 1320 ctionem
1185 1273 1406 1325 inimicorum,
1444 1260 1527 1317 sicul
1565 1258 1664 1317 virtus
1709 1254 1794 1333 ignis

160 1353 248 1424 latis,
269 1359 300 1414 et
320 1350 534 1419 exterioribus
558 1347 694 1411 actibus.
718 1346 799 1406 Nam
817 1342 952 1405 interior
1003 1334 1092 1397 tuntd
1109 1334 1286 1397 ostenditur
1304 1352 1374 1397 esse
1391 1332 1519 1406 tortior,
1540 1331 1661 1413 quantd
1678 1330 1717 1393 ud
1737 1349 1795 1392 rc-

160 1435 250 1494 aclus
276 1429 439 1493 clruritatis
465 1428 562 1489 habet
581 1424 739 1488 rationem
761 1422 848 1493 linis,
874 1420 952 1499 quia
1003 1412 1298 1477 motioradiffundit
1319 1429 1414 1474 suum
1428 1412 1578 1473 calorem.
1601 1409 1703 1472 Tautd
1718 1427 1796 1489 orgo

161 1510 310 1570 ultimum
336 1509 459 1570 bouum
488 1504 627 1567 hominis
656 1502 802 1564 consistit
828 1502 861 1561 iu
891 1501 952 1560 hoc
1003 1493 1183 1554 ostenditur
1193 1492 1300 1552 divina
1311 1490 1436 1552 dilectio
1449 1507 1519 1551 usse
1534 1489 1656 1562 tortior,
1672 1488 1796 1581 quanto

160 1587 247 1665 qudd
264 1586 374 1649 anima
394 1586 462 1647 Deo
486 1583 656 1654 inherent,
674 1577 849 1643 secundum
872 1576 953 1638 illud
1004 1575 1135 1650 propter
1149 1572 1251 1650 ipsam
1266 1568 1444 1631 difficiliora
1457 1570 1650 1648 ·implemus;
1666 1570 1749 1629 sicut
1765 1572 1796 1629 et

160 1666 275 1745 psalm.
290 1664 412 1737 'imit
427 1659 753 1725 Hermocraten
766 1657 954 1724 document,-
1003 1652 1107 1711 virtus
1127 1650 1211 1731 iguis
1234 1647 1323 1715 tautd
1343 1652 1392 1711 est
1415 1648 1538 1721 tortior,
1562 1644 1684 1725 quautd
1705 1662 1797 1708 com-

161 1745 339 1806 enteriores
354 1750 462 1805 autem
473 1744 563 1803 ectus
578 1743 655 1801 suut
674 1738 758 1799 sicut
777 1735 818 1799 ud
834 1734 951 1807 linem3
1004 1730 1120 1791 hurere
1131 1726 1409 1806 potestmateriam
1417 1724 1795 1817 miudsromhustibilem.

162 1828 195 1882 et
215 1822 288 1884 ided
314 1824 391 1883 sunt
419 1816 698 1882 commensurandi
717 1820 751 1877 el
778 1812 955 1878 secuudum
1045 1805 1103 1868 Sed
1122 1807 1205 1868 sicut
1225 1805 1308 1866 idem
1329 1804 1411 1883 ignis
1428 1803 1461 1863 iu
1480 1803 1713 1884 propinquiora
1730 1802 1798 1861 lor-

160 1900 363 1973 charitatem,
381 1900 414 1961 et
422 1895 598 1961 secunddru
606 1895 776 1957 rationem.
1005 1884 1069 1947 liris
1081 1886 1147 1965 agit
1158 1883 1255 1981 quim
1269 1882 1504 1977 inremotiora3
1520 1884 1565 1945 ita
1579 1882 1675 1943 etiam
1686 1880 1798 1943 chari-

163 2019 462 2081 unum
476 2017 641 2083 num
654 2012 957 2093 uunn·
1004 1957 1800 2120 tt}illiltllltltitillationes

204 2096 335 2178 ‘mmm
347 2096 509 2160 inimum
523 2095 616 2187 didm
634 2094 826 2156 “mmm'‘
842 2092 852 2172 (
867 2092 954 2173 Μ’»
1007 2116 1183 2182 socundirm
1206 2137 1241 2181 se
1268 2117 1469 2181 considerata
1494 2120 1543 2177 est
1569 2116 1742 2177 torrentior
1765 2118 1797 2176 et

204 2184 267 2237 m·
281 2174 312 2249 S,
327 2174 368 2237 “d
380 2177 417 2248 73
431 2182 459 2235 ⁶²
473 2174 512 2264 32
525 2175 598 2237 (Μ’
615 2172 672 2245 3⁰⁹
687 2191 738 2311 ξ’·
755 2170 911 2243 1·“”·3’
928 2177 957 2231 ‘t
1008 2197 1120 2259 melior
1131 2194 1229 2276 quium
1240 2196 1365 2258 dilectio
1379 2195 1594 2257 inimieorum.
1778 2264 1781 2275 ,

204 2262 267 2315 ali·
282 2250 313 2327 ἦν
327 2253 409 2323 0‘13·
426 2261 454 2314 ⁶²
469 2254 551 2315 Vtri·
572 2257 678 2333 duffii·
714 2256 798 2323 vasi·
811 2248 843 2323 ⁸2
855 2266 957 2329 corp..
1049 2276 1095 2339 Ad
1118 2276 1256 2354 primum
1277 2291 1355 2354 ergo
1376 2274 1543 2339 dicendum
1565 2270 1650 2351 qudd
1665 2269 1800 2333 verbum

204 2335 273 2413 fin..
289 2340 317 2393 θ’
332 2332 373 2394 ⁰⁴1
387 2328 456 2411 Π·)
1007 2354 1135 2414 Domini
1151 2357 1198 2415 est
1210 2371 1268 2432 per
1290 2370 1324 2415 se
1344 2351 1603 2431 intelligendum
1622 2353 1699 2410 tunc
1715 2349 1801 2410 enim

205 2431 253 2493 Ad
276 2431 447 2507 septimum
475 2430 523 2491 sic
547 2427 741 2506 proceditur.
770 2425 800 2485 1.
825 2424 960 2487 Videtur
1008 2430 1135 2493 dilectio
1150 2428 1719 2507 amicorumapudlleummercedem
1734 2442 1801 2487 non

168 2509 255 2589 quod
266 2508 367 2587 magis
381 2507 581 2568 meritorium
591 2507 632 2566 sit
644 2504 777 2583 diligere
793 2503 959 2563 inimicum
1009 2510 1118 2581 habet,
1137 2507 1266 2586 quando
1300 2514 1411 2587 ropter
1425 2508 1487 2573 hoo
1508 2509 1614 2570 solum
1629 2508 1800 2576 amantur,

167 2584 267 2666 quam
280 2586 430 2647 amicum.
444 2584 566 2645 Dicitur
577 2583 664 2644 euim
674 2582 788 2643 Mattlr.
801 2580 833 2654 5,
846 2578 886 2640 lo
903 2579 961 2641 :Si
1010 2587 1087 2666 quia
1106 2586 1217 2659 amici3
1240 2528 1348 2647 stirne
1362 2586 1488 2647 ridetur
1507 2584 1649 2648 accidere
1672 2584 1802 2678 quaudo

169 2663 306 2743 arripitis
318 2682 369 2726 eur
381 2662 435 2757 qui
446 2681 502 2724 vot
516 2660 673 2739 diliouui.
692 2678 784 2739 quum
796 2657 961 2720 mercedem
1011 2666 1058 2727 sic
1075 2663 1433 2757 arnauturamici,qudd
1445 2663 1565 2727 inimici
1582 2679 1648 2724 uon
1661 2662 1802 2742 diligun-

168 2740 341 2805 habebitis?
353 2741 492 2820 Diligeru
502 2756 578 2819 ergo
590 2738 728 2800 amicum
745 2741 961 2799 uunmeretur
1011 2748 1075 2804 tur.
1093 2742 1149 2803 Est
1162 2745 1268 2803 tamen
1288 2741 1453 2804 mentoria
1471 2742 1648 2803 amicorum
1659 2739 1802 2811 dilectio,

169 2820 360 2883 mercedem·
385 2818 444 2881 Sed
470 2818 602 2899 diligere
627 2815 793 2879 inimicum
820 2820 962 2877 meretur
1011 2819 1481 2901 sipropterDeumdiligautur,
1497 2816 1803 2898 etuonsolrlmquia

172 2898 363 2971 mercedem,
377 2902 413 2958 ut
424 2896 541 2959 ibidem
555 2894 744 2958 ostenditur.
761 2894 846 2974 Ergo
859 2894 960 2973 magis
1011 2899 1106 2962 amici
1121 2904 1205 2961 sunl.

170 2976 422 3039 estmeritorium
431 2976 562 3055 diligere
571 2972 717 3036 inimicos
725 2971 960 3051 qudmamicos.
1052 2978 1099 3039 Ad
1114 2978 1178 3040 olio
1196 2980 1284 3056 patet
1307 2974 1474 3055 responsio
1497 2992 1555 3054 per
1574 2992 1614 3039 oa
1631 2991 1705 3055 quo
1721 2972 1803 3041 dicto

84 3052 88 3063 “
209 3054 240 3117 2·
263 3056 431 3127 Prummu,
445 3053 534 3116 iuutd
558 3051 679 3130 aliquid
702 3055 750 3113 est
767 3050 868 3131 magis
892 3066 963 3112 mc-
1012 3063 1089 3120 sunt
1103 3058 1135 3118 in
1146 3072 1234 3135 corp.
1249 3060 1310 3119 art.
1322 3056 1403 3122 Nam
1417 3056 1487 3118 duro
1504 3054 1644 3118 rationes
1662 3070 1804 3132 sequen-

170 3133 463 3211 ritorium‚quanto
475 3130 799 3214 exmajoricharilats
810 3129 961 3208 procedit.
1014 3141 1061 3197 tes
1091 3135 1267 3214 procedunt
1296 3152 1339 3197 ex
1362 3138 1452 3212 parte
1474 3133 1609 3196 rationis
1634 3131 1804 3212 diligendi3

171 3211 230 3274 Sed
248 3211 378 3304 diligere
394 3211 559 3272 inimicum
574 3213 622 3271 est
641 3209 854 3287 perlectorum
877 3205 964 3268 lilio-
1013 3214 1125 3276 ultima
1139 3213 1215 3274 verd
1228 3229 1269 3274 ex
1290 3214 1380 3291 parte
1399 3229 1510 3273 eorum
1529 3227 1602 3290 quo
1617 3210 1804 3302 diliguntur.

171 3308 245 3352 rum
254 3291 323 3362 uer,
339 3295 375 3350 ut
388 3289 588 3368 Augustinus
599 3286 675 3349 dicit
684 3287 716 3347 iu
730 3286 874 3358 Euclio,
891 3302 961 3364 cap.
1015 3288 1437 3355 sursumsunt-utrum
1450 3289 1599 3366 alemanis
1612 3289 1805 3350 contortum

169 3368 228 3442 'la;
243 3367 490 3448 diligercuutem
503 3367 700 3429 amicumest
711 3365 807 3428 etiam
821 3365 965 3426 charitaa
1055 3369 1113 3432 dili
1135 3387 1183 3430 ere
1200 3369 1378 3448 proximum
1396 3368 1486 3448 pudor
1499 3366 1628 3446 dilioere
1646 3365 1754 3426 Deum.
1768 3399 1806 3410 -

170 3448 211 3508 tis
221 3446 422 3526 imperfecta.
432 3444 657 3538 Ergo-majoris
666 3443 769 3505 meriti
778 3443 965 3523 ostdiligere
1056 3387 1262 3528 (Inflquoest.
1276 3445 1345 3517 132,
1361 3455 1423 3507 ort.
1432 3445 1464 3518 2,
1474 3463 1560 3525 corp.
1568 3463 1578 3512 ,·
1589 3452 1616 3505 et
1626 3443 1657 3514 3,
1670 3444 1743 3505 dist.
1755 3443 1806 3515 30,

172 3525 338 3587 inimicum
350 3523 450 3603 quim
464 3541 614 3586 amicum.
1054 3543 1106 3666 Kc.
1119 3525 1149 3600 1,
1160 3533 1222 3586 ort.
1234 3525 1264 3601 i,
1281 3533 1310 3585 et
1321 3523 1426 3604 quodi.
1440 3523 1470 3596 6,
1487 3531 1548 3584 art.
1562 3523 1594 3594 2,
1611 3521 1719 3602 corp.)

211 3603 242 3664 3.
264 3605 437 3674 Praeterea,
453 3603 509 3663 ubi
525 3606 575 3666 est
589 3599 694 3678 major
706 3604 841 3662 conatus
856 3598 895 3661 ad
908 3599 965 3660 bo·
1084 3605 1258 3678 doctarum
1273 3603 1319 3665 sic
1333 3602 1525 3685 proceditur.
1537 3603 1567 3663 l.
1580 3601 1713 3663 Videtur
1722 3597 1806 3678 qudd

171 3683 319 3773 numani
337 3681 464 3743 videtur
485 3697 556 3771 csse
579 3678 867 3770 mujusmcriturm
888 3678 965 3756 quia
1015 3685 1118 3762 magis
1152 3683 1194 3778 sit
1226 3682 1426 3742 meritorium
1457 3681 1590 3772 diligere
1620 3679 1807 3774 proximum

171 3755 966 3906 sustulissetislatitudinis]
1015 3757 1809 3919 dollltllillddlllillidito‘ts

172 3913 203 3976 S.
219 3913 280 3976 Sed
305 3913 419 3992 majori
433 3916 553 3974 conatu
573 3911 694 3990 indiget
715 3913 810 3973 lromo
838 3911 878 3972 ad
905 3911 966 3973 troo
1016 3919 1073 3998 git.
1090 3915 1148 3978 Sed
1164 3916 1336 3996 Apostolus
1350 3915 1509 3996 praeelegit
1520 3915 1719 3976 dilectionem
1735 3929 1810 3992 pro·

172 3991 259 4088 qudd
273 3991 383 4071 diligat
400 3990 566 4052 inimicum
579 3985 676 4066 quum
690 3988 731 4050 ad
745 3987 902 4066 hocqudd
915 3989 968 4048 di·
1017 3995 1096 4056 ximi
1116 3993 1275 4062 dilectioni
1295 3993 1363 4066 Ilei,
1384 3989 1559 4053 seeundum
1581 3991 1659 4052 illud
1683 3991 1721 4054 ad
1747 3993 1810 4052 llo-

173 4074 253 4151 ligat
263 4069 500 4148 amicum,quiu
508 4067 666 4130 difficilius
678 4072 736 4129 est.
745 4067 831 4146 Ergo
840 4067 968 4128 videtur
1016 4091 1104 4135 man.
1119 4070 1180 4143 t)‚3
1199 4091 1207 4131 ε
1224 4069 1376 4150 Optatam
1387 4069 1547 4130 cncttmru
1565 4069 1659 4132 ested
1680 4069 1809 4134 Christo

173 4149 260 4244 qudd
272 4149 404 4242 diligero
418 4146 594 4239 inimicum,
607 4147 648 4207 sit
657 4146 758 4225 magis
767 4145 966 4207 meritorium
1013 4168 1076 4231 pro
1100 4147 1253 4244 [rofridus
1273 4148 1357 4242 meis.
1374 4148 1458 4227 Ergo
1484 4148 1584 4242 stragis
1596 4151 1654 4241 'est
1676 4149 1810 4208 merito-

173 4226 615 4382 qulzmsgl'ihcggriiramgiiurrfflia
634 4302 713 4364 illud
725 4303 812 4382 quod
829 4305 877 4364 est
892 4321 968 4364 rne-
1018 4230 1101 4368 min
1110 4224 1811 4378 ξιτιὲῧιξὶξξξᾝῗίἓωὲιὲἓῖῗιέιιὲξεθέθηιιέἳιιιιιὲ-

172 4385 249 4458 Ιιυε,
279 4391 328 4448 est
346 4385 448 4464 magis
467 4383 678 4444 meritorium.
700 4382 760 4443 Sed
781 4381 896 4444 melius
918 4385 968 4444 cst
1016 4386 1103 4447 rium
1115 4384 1330 4463 aliquomodo
1344 4382 1631 4462 diligereamleum
1644 4384 1811 4445 utdictum

175 4463 308 4542 diligere
320 4464 473 4532 amicum,
483 4462 562 4539 quia
571 4460 686 4522 melius
700 4464 750 4522 est
757 4459 890 4540 diligere
902 4477 968 4523 me·
1018 4469 1067 4526 est
1082 4467 1144 4525 art.
1163 4481 1257 4542 prosc.
1271 4461 1331 4523 Sed
1343 4461 1428 4522 Deus
1444 4461 1584 4523 maxime
1600 4467 1649 4523 est
1668 4463 1809 4532 amicus,

174 4541 308 4612 liorenn
325 4542 449 4604 amicus
465 4539 655 4618 autumpni
671 4543 775 4612 amat,
790 4542 839 4600 est
854 4539 969 4601 melior
1039 4542 1073 4604 ui
1086 4542 1180 4622 prior
1193 4541 1307 4603 ditescit
1317 4557 1385 4610 nor,
1400 4542 1436 4600 ut
1447 4539 1586 4610 diciturl
1602 4541 1695 4602 ioan.
1712 4537 1742 4612 i,
1755 4540 1817 4601 19.-

175 4617 273 4694 qudm
284 4617 591 4694 inimicusquiodit.
600 4617 967 4697 Ergodiligereamicum
1017 4559 1103 4712 ssrgo
1117 4620 1248 4700 diligere
1260 4621 1361 4680 Deum
1375 4615 1500 4682 ridetur
1513 4636 1583 4681 esse
1595 4617 1700 4680 miuus
1715 4619 1809 4680 meri·

174 4694 964 4778 estmagismeritoriumqudmdiligereiuimieum.
1018 4705 1150 4760 tonum.

216 4775 404 4852 ltespondeo
420 4772 589 4836 dicendum
608 4773 694 4854 quod
711 4776 796 4836 ratio
816 4773 967 4854 diligendi
1059 4777 1089 4838 3.
1112 4779 1279 4850 Praeterea,
1294 4773 1372 4837 illud
1381 4773 1468 4854 quud
1481 4779 1528 4838 est
1537 4773 1708 4846 difficilius,
1723 4771 1810 4836 rido-

199 4853 360 4914 roximum
373 4871 415 4914 ex
428 4853 584 4914 coenose
595 4853 681 4913 lleus
698 4860 757 4923 est,
771 4851 855 4913 sicut
868 4869 968 4930 supra
1021 4861 1075 4923 tur
1104 4874 1174 4932 esse
1206 4853 1380 4918 virtuosius
1402 4858 1434 4916 et
1458 4856 1558 4934 magis
1589 4852 1810 4922 meritorium

176 4870 295 4992 dictum
311 4934 370 5003 est,
383 4936 496 5008 quast.
513 4929 565 5003 23,
579 4936 640 4992 art.
654 4932 683 4990 1.
697 4929 776 4990 crim
790 4947 868 5022 ergo
880 4947 970 5008 quae·
1020 4935 1096 5014 quia
1112 4933 1212 4995 virtus
1226 4940 1269 4993 est
1281 4934 1364 4996 eirca
1374 4931 1501 5014 difficile
1513 4931 1673 5000 stlocum,
1686 4933 1723 4992 ut
1736 4929 1812 4992 dici·

177 5008 348 5088 riturquid
361 5009 404 5070 sil
422 5010 538 5070 melius
562 5010 611 5070 vel
628 5009 728 5102 magis
753 5010 966 5082 montorium,
1021 5013 1116 5074 turin
1131 5011 1276 5084 anthia,
1289 5028 1360 5090 cap.
1381 5011 1412 5084 3,
1430 5010 1506 5073 cire.
1529 5009 1585 5072 lin.
1604 5010 1665 5084 Sed
1685 5009 1810 5074 facilius

177 5086 287 5151 utrrim
295 5087 429 5181 diligere
436 5087 574 5148 amicum
584 5087 637 5149 rel
648 5086 824 5159 immicum,
835 5085 969 5166 duplici·
1021 5097 1069 5153 ost
1080 5089 1211 5168 diligere
1223 5085 1432 5168 Deumqudm
1446 5088 1642 5168 proximum,
1651 5093 1719 5150 tum
1734 5087 1812 5168 quia

178 5167 308 5229 teristro
333 5165 518 5228 dilectiones
537 5165 715 5242 comparari
736 5173 969 5244 possnutzuoo
1021 5169 1212 5234 naturaliter
1227 5168 1336 5231 omnia
1353 5169 1454 5230 Deum
1476 5165 1628 5245 diligunt,
1647 5171 1715 5232 tum
1734 5167 1811 5243 quia

177 5246 273 5308 modo
300 5250 454 5323 exparte
481 5244 619 5338 proximi
635 5244 692 5322 qui
718 5244 878 5324 diligitur3
903 5246 968 5306 alio
1020 5249 1129 5310 inDeo
1142 5247 1223 5310 nihil
1233 5247 1370 5309 occurrit
1382 5243 1469 5325 quod
1482 5244 1812 5323 nonsitdiligeudums

177 5325 273 5386 modo
282 5323 967 5407 exparteratrouispropterquamdiligitur.
1021 5326 1219 5408 quodcirca
1244 5325 1428 5405 proximum
1449 5339 1515 5383 nou
1540 5324 1705 5402 contingit.
1728 5321 1813 5403 Ilugo

218 5402 463 5480 Primoquidem
475 5401 970 5480 noroensertoemiclproemi-
1021 5423 1071 5468 ma
1097 5406 1122 5466 is
1150 5410 1198 5468 est
1233 5403 1432 5482 meritorium
1465 5401 1596 5482 diligere
1627 5401 1812 5482 proximum

180 5487 234 5543 net
242 5480 405 5544 dilectioni
418 5480 557 5552 iuimiei;
572 5481 651 5558 quia
669 5482 792 5542 amicus
811 5486 843 5542 et
855 5482 969 5542 melior
1022 5425 1120 5564 qugrn
1138 5485 1269 5562 diligero
1282 5481 1396 5543 Duum.

179 5566 239 5630 ost,
260 5567 292 5621 et
307 5560 409 5638 magis
430 5557 633 5636 conjunctus,
656 5559 741 5620 uude
758 5563 809 5621 est
832 5563 968 5624 materia
1061 5562 1121 5624 Sed
1140 5567 1251 5625 cunno
1272 5564 1320 5620 est
1339 5561 1415 5638 quin
1440 5565 1571 5639 propter
1592 5557 1675 5639 qnod
1694 5576 1813 5619 unum-

183 5637 285 5717 mapis
306 5637 502 5700 conveniens
520 5639 739 5708 dilectionirct
758 5645 889 5717 propter
907 5639 969 5700 noe
1021 5641 1162 5718 quodque
1175 5638 1243 5704 tole.
1261 5637 1459 5717 illudnropis.
1472 5635 1811 5710 Soddilectioproximl

181 5720 270 5780 uetus
285 5715 462 5778 dilectionis
476 5735 574 5794 super
588 5717 851 5785 innumerum
868 5725 968 5782 traus-
1023 5735 1086 5779 uon
1096 5725 1144 5780 cst
1157 5716 1400 5791 meritoriu‚uisi
1410 5707 1699 5800 propterhoctiudd
1711 5713 1813 5794 [troni
