4067 6175
144 307 198 366 993
448 341 451 346 .
668 283 914 358 comarcus.
934 279 1254 344 occasiuncula.
1733 287 1788 350 cer

146 430 198 488 cst
219 419 324 486 soliim
347 416 434 481 circa
456 406 734 491 concupiscentias
756 400 947 466 delectatio-
998 395 1792 492 temperantiamprincipaliterquidemetprcprta

148 522 229 567 uiam
241 498 358 562 taetris.
1000 481 1139 556 pertinet
1151 475 1309 538 innderarl
1323 477 1599 554 concupiscentias
1608 478 1800 548 delectatio--

189 581 221 642 2.
236 581 414 647 Praeterea,
428 566 642 646 Philosophus
655 562 731 625 dicit
745 561 779 622 in
793 557 813 618 t
827 556 947 628 Etbic.,
1002 573 1080 617 num
1102 553 1224 628 uctns,
1243 553 1436 618 secundarie
1450 559 1559 619 autem
1575 557 1656 620 alias
1669 579 1793 626 mm.

150 678 223 738 cap.
240 657 282 729 3,
304 657 381 718 circ.
402 650 521 731 princ,
537 644 624 724 qudd
638 642 693 704 itte
708 639 764 720 qui
781 645 824 698 cst
836 636 950 716 parcis
1001 633 1186 714 placentiae.

36 740 37 763 ι
150 739 289 818 dmm,
308 744 336 796 σε
353 731 402 794 pp,
426 725 591 808 ppfflffiffli
608 723 763 802 seipsum,
779 723 823 777 est
840 724 951 792 tempe·
1043 712 1090 773 Ad
1102 710 1278 774 secundum
1295 709 1465 774 dicendum
1478 711 1564 790 qudd
1579 714 1793 796 Philosophus

151 827 260 884 ratus,
280 830 348 875 noa
366 816 469 872 asten
486 801 716 883 mercatrices.
731 795 791 858 Sed
808 794 951 855 bonores
1003 791 1047 852 ibi
1063 790 1160 852 relert
1176 807 1293 850 nomen
1314 791 1535 868 temperantiae
1548 789 1587 852 ad
1602 795 1794 859 moderatio·

106 923 109 927 ²
152 894 246 977 parii
262 893 315 954 vel
328 907 380 952 ma
404 887 456 961 ni,
474 884 512 945 dc
525 881 644 961 quibus
656 878 700 939 ibi
712 873 871 952 loquitur,
884 888 951 932 non
1004 887 1077 930 nem
1093 867 1291 930 exteriorum
1305 866 1521 942 rerum,diim
1538 870 1659 934 scilicet
1674 874 1794 954 aliquis

153 978 232 1038 suut
244 968 448 1035 delectabiles
468 956 644 1024 secundilm
662 959 784 1018 tactum
797 995 806 1025 ,
821 950 876 1012 sed
894 967 954 1010 sc-
1004 947 1105 1009 tendit
1118 949 1152 1008 in
1165 947 1276 1025 aliqua
1289 946 1350 1007 sibi
1365 954 1623 1012 commensurata
1635 970 1644 1010 i
1656 969 1722 1014 non
1737 971 1795 1018 aa·

152 1050 296 1114 cunddm
323 1041 614 1125 apprehensionem
647 1034 836 1097 animalem.
868 1029 954 1120 Ergo
1005 1031 1067 1088 teni
1081 1031 1177 1118 prout.
1188 1025 1327 1086 retertur
1338 1025 1378 1086 ad
1391 1024 1644 1090 moderationem
1654 1029 1795 1094 strenuo.

151 1127 369 1209 temperantia
395 1139 460 1184 nou
482 1123 532 1181 est
552 1113 659 1180 soldm
679 1112 771 1174 circa
791 1125 954 1186 concupi·
1007 1123 1085 1167 uuin
1100 1120 1233 1179 animae,
1250 1121 1323 1182 quai
1339 1103 1478 1183 pertinet
1495 1103 1535 1166 ad
1549 1106 1699 1170 virtutem
1714 1115 1796 1172 tem-

36 1218 37 1225 ’
153 1207 294 1274 sec-ntiae
308 1201 556 1266 delectationum
573 1191 692 1256 tactds.
1006 1183 1173 1263 perantia.

194 1286 227 1346 3.
245 1287 419 1353 Praeterea,
439 1295 478 1339 ea
499 1291 572 1354 quie
589 1276 666 1334 sunt
687 1268 786 1330 unius
808 1264 954 1347 generis,
1048 1261 1095 1322 Ad
1120 1261 1249 1324 tertium
1267 1259 1436 1323 dicendum
1456 1260 1542 1338 qudd
1569 1261 1796 1332 delectationes

152 1359 423 1431 videntureddcm
433 1355 559 1419 ratione
567 1352 731 1432 pertinere
740 1347 779 1409 ad
787 1344 956 1406 materiam
1007 1341 1147 1404 aliorum
1159 1345 1315 1403 sensuum
1329 1339 1422 1400 aliter
1434 1357 1468 1400 se
1481 1340 1601 1402 babent
1614 1341 1647 1402 in
1661 1342 1794 1406 homini·

154 1442 298 1521 aiicujus
327 1437 465 1502 virtutis.
497 1431 558 1494 Sed
588 1445 702 1490 omnes
728 1423 956 1486 delectationes
1008 1421 1089 1493 bus,
1113 1423 1146 1480 et
1168 1419 1263 1480 aliter
1282 1419 1316 1479 in
1341 1417 1413 1480 aliis
1436 1419 1643 1482 animalibus.
1664 1421 1702 1482 ln
1723 1423 1796 1486 aliis

156 1539 320 1587 sensuum
341 1518 490 1580 videntur
508 1527 580 1574 csse
599 1507 697 1570 unius
713 1503 851 1586 generis.
872 1503 957 1581 Ergo
1008 1499 1095 1559 enlm
1109 1497 1304 1559 animalibus
1325 1513 1367 1558 ex
1382 1495 1455 1559 aliis
1475 1498 1623 1560 sensibus
1642 1516 1707 1560 non
1721 1517 1799 1564 cau.

157 1603 230 1684 pari
262 1599 388 1662 ratione
412 1592 575 1675 pertinent
592 1586 633 1651 ad
651 1583 819 1647 materiam
837 1584 959 1659 tempe-
1009 1582 1124 1638 santur
1135 1575 1360 1638 delectationes
1375 1575 1437 1637 nisi
1452 1575 1486 1635 iii
1502 1575 1614 1637 ordine
1626 1579 1665 1638 ad
1688 1581 1799 1642 senst-

158 1680 285 1744 rtffliiae·
1008 1655 1088 1718 bilia
1100 1651 1225 1726 tactdsc
1241 1654 1325 1715 sicut
1343 1653 1396 1714 leo
1414 1652 1591 1716 delectatur
1604 1655 1715 1718 videns
1730 1677 1800 1720 cer-

200 1759 231 1820 ti.
249 1760 429 1825 Preterea,
442 1745 668 1813 delectationes
681 1737 865 1820 spirituales
881 1739 959 1797 sunt
1010 1748 1086 1795 tum
1096 1733 1148 1795 vel
1159 1732 1293 1796 audiens
1307 1748 1420 1813 vocem
1433 1731 1522 1810 ejus,
1535 1737 1667 1811 propter
1680 1735 1798 1798 ciburn.

160 1837 301 1918 majores
317 1830 417 1913 quam
431 1846 469 1892 co
510 1815 958 1897 orales,utsnprababitnin
1008 1811 1114 1872 Homo
1128 1817 1236 1873 autern
1251 1810 1428 1872 delectatur
1441 1811 1617 1874 secundiani
1629 1813 1710 1875 alios
1727 1833 1801 1877 scu·

36 1880 37 1944 Ῠ
162 1920 224 1990 cst,
240 1912 321 1989 1-2,
333 1913 448 1990 quest.
464 1905 483 1966 3
506 1945 515 1978 ,
533 1907 594 1966 art.
608 1899 646 1973 5,
662 1896 736 1961 edm
747 1895 786 1958 de
798 1892 959 1974 passioni·
1009 1908 1083 1964 sus,
1101 1886 1422 1966 nonsoliimprnpter
1433 1888 1514 1962 boc,
1529 1889 1584 1950 sed
1607 1890 1703 1952 etiam
1725 1911 1801 1971 prn-

36 2015 37 2071 ι
163 1997 226 2056 bns
241 1995 404 2073 ageretur.
417 1977 832 2076 Sedenandoqueopropter
845 1988 960 2064 conca:
1009 1972 1085 2106 pter
1099 1967 1356 2062 convenientiam
1378 1967 1702 2060 sensibilium3litsic
1716 1972 1801 2036 circa

163 2071 338 2153 piscantias
354 2066 600 2128 delectationum
619 2054 837 2135 spiritualium
855 2051 958 2142 aliqui
1031 2047 1237 2108 electatinncs
1255 2047 1394 2107 aliorum
1409 2061 1576 2117 sensuum,
1591 2065 1623 2107 iu
1643 2054 1801 2127 quantum

162 2149 334 2214 discedunt
353 2144 374 2209 d
398 2142 525 2224 legibus
546 2136 605 2200 Dei
623 2139 656 2198 et
673 2132 794 2196 dstatu
812 2128 957 2200 virtutis,
1010 2124 1196 2186 referuntur
1213 2124 1253 2186 ad
1267 2123 1494 2186 delectationes
1511 2123 1636 2197 tacti'is,
1651 2131 1700 2188 est
1714 2131 1802 2190 tem-

36 2272 37 2309 ,
163 2231 250 2292 sicut
264 2229 395 2307 propter
406 2219 626 2284 curiositatem
641 2212 784 2275 scientie
800 2227 809 2268 c
826 2206 960 2298 unde-et
1010 2203 1181 2296 perantia..
1205 2219 1270 2263 non
1288 2201 1520 2280 principaliter,
1540 2201 1596 2263 sed
1619 2221 1662 2265 ex
1679 2221 1803 2268 conse-

36 2348 37 2377 ,
163 2311 273 2448 ἓιίωο
298 2299 423 2366 bomini
445 2296 592 2358 diabolus
616 2289 784 2354 scientiam
797 2289 958 2364 promisit,
1011 2285 1139 2360 quenti,
1154 2297 1186 2344 iu
1202 2285 1477 2359 quantumautem
1490 2279 1802 2346 sensibiliaalioruin

194 2404 248 2447 en.
261 2383 301 2458 3,
314 2381 351 2455 ll,
365 2379 473 2441 dicens
493 2370 623 2434 :Eritis
643 2368 728 2430 sicot
744 2363 809 2432 dii,
828 2362 959 2423 scientes
1011 2377 1167 2421 sensuum
1188 2363 1265 2420 sunt
1282 2358 1483 2420 delectabilia
1500 2361 1632 2437 propter
1650 2360 1701 2422 sul
1722 2379 1803 2424 cou-

36 2444 37 2451 ¹
165 2457 461 2525 honametmatum.
474 2453 560 2544 Ergo
576 2464 641 2510 non
659 2441 763 2509 solium
776 2447 960 2518 temperau-
1010 2438 1224 2512 senientiam,
1247 2438 1331 2499 sicut
1353 2433 1427 2498 cilni
1446 2435 1625 2499 delectatur
1648 2438 1744 2502 hoino
1768 2441 1801 2502 ia

164 2541 211 2603 tia
225 2545 275 2602 est
290 2540 375 2601 circa
389 2534 615 2596 delectationes
631 2523 747 2586 tactds.
1012 2531 1093 2578 sono
1113 2516 1195 2578 bend
1217 2515 1456 2589 harmonicam,
1472 2515 1535 2578 ista
1553 2515 1801 2581 delectationen

206 2617 237 2680 5,
256 2621 432 2686 Praecerea,
446 2609 474 2672 si
488 2605 715 2670 delectationes
729 2598 832 2662 tacttls
851 2599 962 2660 essent
1011 2593 1151 2674 pertinet
1168 2594 1208 2658 ud
1232 2594 1511 2656 conservationem
1538 2599 1662 2656 naturae
1685 2615 1694 2656 c
1715 2598 1801 2660 undo

164 2697 300 2776 propria
310 2691 445 2755 materia
456 2683 687 2764 temperantia,
698 2680 861 2759 oporteret
872 2675 960 2768 qudd
1013 2689 1079 2766 nen
1099 2673 1218 2736 babent
1231 2671 1413 2753 hujusmodi
1429 2672 1595 2751 passiones
1615 2673 1704 2735 illam
1716 2676 1805 2753 prin·

165 2777 256 2838 cim
269 2789 382 2834 omncs
393 2765 620 2840 delectationes
633 2757 736 2822 tactils
748 2759 962 2834 temperantia
1012 2752 1221 2830 cipalitateiu‚
1237 2757 1274 2812 ut
1285 2752 1371 2814 circa
1384 2767 1440 2814 eas
1454 2751 1709 2814 antonomastice
1722 2759 1806 2815 tein-

164 2858 264 2916 esset.
279 2852 351 2914 Non
365 2851 473 2910 autem
484 2848 533 2938 cst
546 2842 632 2904 circa
642 2854 771 2909 omues,
782 2831 862 2925 puta
876 2833 962 2894 circa
1012 2831 1161 2909 perantia
1174 2829 1319 2920 dicatur..

165 2916 962 3082 {testatat‘illlatatitulatae?
1013 2905 1460 3077 ..tttllhlltltllll
1473 2905 1807 3051 stultitiast

206 3089 270 3151 Sed
287 3092 400 3149 contra
414 3075 562 3159 estquod
574 3071 786 3151 Philosophus
802 3067 878 3130 dicit
894 3068 926 3129 in
942 3065 963 3127 3
1013 3082 1152 3144 maiores
1169 3064 1435 3126 delectationibus
1454 3065 1806 3141 conparauerunt-amen

163 3166 287 3239 Echio„
300 3181 372 3243 cap.
388 3161 443 3235 tt),
458 3156 544 3237 qudd
556 3150 759 3232 temperantia
770 3145 905 3227 proprii
918 3152 964 3205 cst
1014 3160 1080 3204 non
1103 3144 1148 3205 lta
1174 3143 1399 3221 percipluntur
1420 3158 1537 3215 sensu,
1556 3148 1588 3203 ct
1608 3160 1666 3221 pei·
1689 3162 1807 3208 coum-

166 3246 257 3307 cireo
278 3236 548 3320 concupiscentias
570 3241 599 3294 ct
611 3226 831 3292 delectationes
847 3223 961 3285 tcctda.
1014 3240 1118 3300 quens
1132 3238 1196 3282 noa
1211 3219 1807 3302 itarebementeralticiuntappetitum

204 3321 399 3401 llesponden
425 3314 594 3379 dicendum
621 3306 728 3387 qudd,
750 3304 834 3365 sicut
863 3316 963 3379 supra
1014 3300 1224 3372 sensitivam,
1255 3302 1367 3359 contra
1393 3298 1485 3376 cujus
1512 3298 1666 3375 impetum
1686 3303 1807 3365 bonum

164 3401 290 3464 dictum
313 3403 379 3469 est,
396 3400 459 3459 art.
478 3410 596 3472 praec,
614 3388 659 3450 ita
679 3388 728 3448 est
751 3379 964 3459 temperantia
1014 3379 1152 3439 rationis
1170 3380 1381 3439 conservatur
1394 3394 1451 3453 per
1467 3378 1623 3438 moralem
1643 3379 1795 3443 virtutem

166 3481 255 3543 circa
276 3472 554 3554 concupiscentias
575 3472 607 3530 et
623 3462 867 3531 delectationes,
880 3459 965 3519 sicut
1014 3456 1075 3517 Vel
1086 3454 1256 3517 dicendum
1270 3453 1356 3531 qiidd
1367 3454 1594 3517 delectationes
1610 3456 1808 3533 spirituales,

166 3556 324 3619 fortitudo
338 3557 387 3616 est
402 3554 490 3614 circa
505 3550 635 3609 timores
650 3548 683 3604 et
697 3539 862 3605 audacias.
876 3536 965 3596 For·
1015 3552 1075 3612 pei·
1090 3550 1125 3595 se
1143 3532 1323 3610 loquendo,
1342 3536 1417 3594 suut
1436 3530 1611 3595 secunddm
1628 3536 1807 3613 rationemc

167 3636 274 3697 titudo
297 3637 407 3695 autem
424 3632 474 3691 est
492 3627 578 3689 circa
602 3623 734 3683 timores
757 3622 789 3679 et
812 3614 964 3677 audacias
1016 3610 1102 3674 unde
1117 3627 1183 3671 uon
1198 3614 1275 3671 sunt
1287 3610 1487 3672 refrenandas
1501 3610 1563 3672 uisi
1578 3630 1636 3689 per
1646 3614 1807 3689 accidens,

166 3716 322 3792 respectu
335 3709 553 3770 maximorum
567 3701 747 3769 malorum,
762 3694 881 3771 quibus
894 3693 965 3769 ipsa
1018 3690 1051 3751 in
1066 3692 1225 3767 quantum
1237 3688 1358 3751 scilicet
1371 3704 1439 3749 una
1454 3689 1621 3752 delectatio
1631 3690 1809 3769 spiritualis

167 3794 290 3853 natura
303 3785 521 3865 extinguitur;
537 3780 699 3857 quaesunt
712 3772 856 3853 pericula
870 3788 966 3831 mnr-
1017 3770 1151 3829 retrahit
1167 3769 1208 3831 ab
1222 3766 1287 3831 alia
1301 3766 1417 3845 potiori
1435 3772 1467 3829 ct
1479 3767 1579 3847 inagis
1592 3770 1708 3834 debita.

168 3868 223 3929 tis.
242 3867 334 3931 Unde
348 3864 496 3926 similiter
508 3853 720 3949 temperantia
737 3854 863 3929 oportet
878 3846 966 3986 ³qu
1059 3846 1107 3907 Ad
1125 3847 1275 3939 quintum
1304 3845 1474 3907 dicendum
1502 3846 1588 3923 qudd
1607 3866 1672 3909 uon
1697 3868 1808 3915 omnes

168 3946 212 4007 sit
234 3948 324 4009 circa
343 3939 619 4018 concupisceuhas
638 3930 856 3993 maximarum
903 3927 967 3989 ele·
1016 3925 1244 3988 delectationes
1258 3923 1362 3987 tacitis
1375 3924 1809 4003 pertiuentadnaturascnn·
1865 3984 1871 3989 .

167 4025 361 4088 clationem.
371 4008 966 4145 thuiadelectatioconsessuiturope·
1018 4002 1252 4076 servationem
1266 4009 1298 4064 et
1317 4002 1388 4065 ided
1404 4020 1470 4065 non
1485 4010 1611 4081 oportet
1625 4006 1710 4083 qudd
1724 4008 1809 4073 circa
1880 4026 1885 4035 ·

166 4104 332 4165 rationem
344 4098 535 4167 naturalem,
551 4088 767 4165 tantbaliqure
797 4086 967 4146 electatio-
1021 4100 1132 4143 omnes
1154 4082 1379 4145 delectationes
1399 4082 1504 4144 tactds
1522 4082 1563 4143 sit
1583 4088 1805 4162 temperantia.

168 4196 229 4241 nes
245 4185 324 4242 sunt
336 4175 593 4239 vehementiores
603 4214 612 4244 ,
624 4164 746 4247 quantd
757 4178 968 4239 consequun-
1018 4165 1199 4222 Auricuins
1223 4178 1255 4219 r.
1269 4194 1308 4205 -
1321 4158 1434 4222 Utreim
1450 4162 1536 4222 circo
1545 4164 1697 4241 proprias
1721 4164 1810 4225 dcte-

168 4261 225 4318 tur
252 4257 459 4338 operationes
482 4251 585 4331 magis
617 4244 794 4309 naturales.
825 4240 967 4303 llarimd
1059 4238 1808 4321 erationispercssittemperasse-(anitie,

169 4341 283 4397 autem
293 4335 457 4399 naturales
469 4328 664 4393 animalibus
674 4327 782 4385 sunto
805 4318 966 4382 crationes
1059 4316 1129 4404 tect.
1145 4317 1195 4409 a.)

168 4412 293 4487 quibus
313 4415 524 4475 conservatur
537 4410 655 4468 natura
675 4338 831 4462 individui
845 4416 903 4488 pen
918 4396 968 4458 ci·
1059 4395 1106 4456 ld
1137 4398 1286 4489 quintum
1312 4393 1359 4455 sic
1385 4394 1580 4473 proceditur.
1608 4398 1637 4457 l.
1673 4397 1811 4463 Videtur

169 4488 251 4548 bum
262 4496 296 4551 ec
304 4495 431 4569 potum,
442 4492 475 4548 et
483 4488 600 4547 natura
612 4480 729 4561 speciei
796 4494 813 4537 r
832 4493 892 4537 con
906 4493 968 4536 nn-
1018 4472 1106 4552 undd
1124 4489 1210 4535 circa
1230 4473 1377 4551 proprias
1394 4472 1623 4538 delectationes
1640 4476 1753 4557 gtntds
1767 4480 1811 4541 sit

169 4569 315 4629 ctionem
328 4568 427 4628 maris
441 4569 474 4626 et
485 4562 684 4630 loeminae;et
697 4556 748 4617 ide
783 4495 968 4647 circadele-
1020 4552 1242 4643 temperantia.
1259 4550 1592 4613 Delectationesenim
1604 4556 1717 4633 gustus
1734 4564 1812 4621 sunt
1897 4600 1900 4607 ·

169 4647 331 4708 oraciones
345 4646 491 4707 ciborum
505 4642 537 4700 et
549 4643 705 4717 potuum,
723 4641 756 4697 et
768 4648 855 4695 circa
873 4632 968 4693 dele-
1018 4630 1054 4692 in
1067 4630 1146 4691 cibis
1158 4634 1190 4690 et
1204 4628 1343 4709 potibus,
1357 4630 1413 4708 qul
1429 4630 1530 4710 magis
1545 4638 1621 4694 sunt
1635 4638 1809 4699 necessarii
1856 4624 1862 4637 ⁸

168 4711 966 4792 ontionesveneieorunestproprietemperantia.
1020 4708 1061 4771 ad
1076 4708 1212 4779 bominis
1232 4707 1330 4768 vitam
1347 4706 1446 4786 quarn
1462 4708 1689 4774 delectationes
1705 4730 1811 4777 vene-

168 4796 368 4879 Huiusmodi
382 4804 491 4862 autem
510 4793 741 4856 delectationes
762 4804 967 4866 consequun-
1019 4802 1245 4864 reniumque
1255 4787 1415 4863 pertinent
1426 4784 1465 4848 ad
1478 4792 1609 4850 tactum.
1619 4790 1678 4853 Sed
1693 4809 1812 4854 secun·
1835 4802 1840 4809 ·

169 4877 226 4937 tur
245 4897 382 4943 sensum
400 4875 521 4939 tactus.
545 4872 633 4934 Unde
667 4868 862 4945 relinquitur
881 4864 968 4944 qudd
1021 4863 1097 4925 ddm
1121 4864 1272 4941 preiltcta
1298 4870 1360 4926 art.
1378 4882 1494 4943 praec,
1517 4870 1730 4946 temperantia
1763 4878 1812 4933 est

169 4958 389 5033 temperantia
399 4956 441 5018 sit
451 4954 537 5015 circa
550 4948 777 5012 delectationes
791 4943 906 5008 tactds.
1021 4945 1107 5005 circa
1119 4942 1345 5005 delectationes
1362 4960 1475 5005 eorum
1490 4962 1563 5023 qun
1576 4952 1653 5008 sunt
1665 4966 1813 5011 necessa·

211 5033 261 5093 Ad
274 5039 415 5113 primum
429 5050 508 5114 ergo
526 5028 695 5091 dicendum
709 5022 969 5116 quddilugusti-
1020 5022 1071 5084 ria
1090 5021 1129 5083 ad
1149 5021 1248 5083 vitam
1263 5022 1413 5084 bominis.
1433 5024 1518 5103 Ergo
1536 5028 1748 5104 temperantia
1763 5034 1813 5089 est

172 5121 236 5170 iius
252 5114 299 5174 ibi
319 5116 448 5177 ficetur
463 5110 609 5188 accipere
623 5110 884 5183 temperantiam,
900 5118 967 5163 non
1020 5100 1123 5178 magis
1150 5100 1236 5162 circa
1270 5101 1416 5193 proprias
1445 5102 1672 5165 delectationes
1698 5104 1810 5199 gustis

171 5191 355 5254 secundum
371 5190 460 5271 qnbd
477 5193 526 5251 est
547 5184 695 5265 specialis
718 5183 820 5245 virtus
844 5181 967 5242 habeus
1021 5176 1119 5257 quam
1134 5177 1219 5240 circa
1232 5194 1380 5257 proprias
1395 5179 1620 5243 delectationes
1633 5186 1746 5245 tactus.

170 5257 420 5333 determinatam
434 5261 686 5354 materiamen
696 5256 968 5353 secundumqudil
1059 5256 1090 5318 2.
1113 5258 1280 5330 Praeterea,
1297 5260 1508 5353 temperantia
1521 5264 1570 5321 est
1584 5260 1670 5322 circa
1705 5260 1814 5324 assio-

171 5335 969 5424 adeauipertlnetmoderatinrationisiuqudcnm-
1020 5354 1078 5398 nes
1102 5335 1204 5416 magis
1223 5332 1323 5474 (Eadm
1343 5353 1503 5400 carceres
1524 5336 1534 5396 ἰ
1558 5353 1622 5399 ⁸³⁵·
1638 5280 1709 5410 geg,
1730 5340 1812 5405 situi

171 5430 239 5490 que
266 5426 424 5499 materil3
452 5422 540 5503 qnod
587 5421 704 5483 ertinct
722 5416 762 5479 ad
783 5415 967 5495 generalem
1019 5414 1137 5476 dicitur
1151 5412 1219 5476 inl
1253 5412 1408 5487 enniana,
1421 5416 1498 5475 text.
1552 5424 1676 5489 ‚tactus
1690 5418 1813 5482 citetur

171 5494 543 5581 condicionomvircufis.
603 5491 967 5571 amvisetiamdiclpcs·
1020 5511 1082 5555 csse
1095 5508 1200 5553 semus
1218 5492 1369 5561 alimenti,
1384 5490 1542 5570 quantiim
1555 5494 1595 5555 ad
1610 5494 1712 5573 ipsam
1733 5498 1815 5559 suli-

171 5573 234 5642 tlt‚
254 5577 344 5651 qnbd
362 5581 488 5659 illequi
545 5575 783 5640 testretrenare
807 5572 967 5634 maximas
1020 5572 1172 5633 stantiam
1189 5570 1814 5655 alimenticsapnrautem,quiestpro-

171 5643 426 5732 delectationes,
444 5674 499 5719 uin
514 5657 547 5718 td
560 5655 658 5717 etiam
672 5652 775 5732 magis
789 5650 894 5727 potest
908 5667 966 5712 re-
1018 5648 1088 5729 prid
1098 5651 1257 5728 objectum
1265 5648 1390 5727 gustus,
1401 5652 1449 5711 est
1458 5650 1541 5711 sicut
1549 5650 1813 5721 delectamentum

171 5717 304 5794 frenare
331 5736 474 5799 minores
500 5733 739 5805 delectationes.
763 5729 804 5791 Et
829 5726 901 5790 idcb
925 5724 966 5791 ad
1019 5728 1258 5791 alimentorum.
1283 5726 1369 5808 Ergo
1395 5730 1607 5807 temperantia
1636 5736 1736 5811 magis
1765 5740 1814 5797 cst
