<?xml version="1.0" encoding="UTF-8"?>
<!DOCTYPE html PUBLIC "-//W3C//DTD XHTML 1.0 Transitional//EN"
    "http://www.w3.org/TR/xhtml1/DTD/xhtml1-transitional.dtd">
<html xmlns="http://www.w3.org/1999/xhtml" xml:lang="en" lang="en">
 <head>
  <title>
</title>
<meta http-equiv="Content-Type" content="text/html;charset=utf-8" />
  <meta name='ocr-system' content='tesseract 3.04.00' />
  <meta name='ocr-capabilities' content='ocr_page ocr_carea ocr_par ocr_line ocrx_word'/>
</head>
<body>
  <div class='ocr_page' id='page_1' title='image "./summatheologica01migngoog/summatheologica01migngoog_0346.png"; bbox 0 0 4067 6175; ppageno 0'>
   <div class='ocr_carea' id='block_1_1' title="bbox 74 3528 911 3631">
    <p class='ocr_par' dir='ltr' id='par_1_1' title="bbox 74 3528 911 3631">
     <span class='ocr_line' id='line_1_1' title="bbox 74 3528 911 3631; baseline -0.05 -3"><span class='ocrx_word' id='word_1_1' title='bbox 74 3590 78 3597; x_wconf 91' lang='lat'><em>·</em></span> <span class='ocrx_word' id='word_1_2' title='bbox 200 3556 348 3620; x_wconf 79' lang='lat' dir='ltr'><strong>Ecclesia</strong></span> <span class='ocrx_word' id='word_1_3' title='bbox 361 3548 512 3631; x_wconf 75' lang='lat' dir='ltr'><strong>praelatus</strong></span> <span class='ocrx_word' id='word_1_4' title='bbox 529 3544 566 3603; x_wconf 92' lang='lat' dir='ltr'><strong>ut</strong></span> <span class='ocrx_word' id='word_1_5' title='bbox 580 3536 611 3598; x_wconf 91' lang='lat' dir='ltr'><strong>id</strong></span> <span class='ocrx_word' id='word_1_6' title='bbox 631 3532 718 3613; x_wconf 92' lang='lat' dir='ltr'><strong>quod</strong></span> <span class='ocrx_word' id='word_1_7' title='bbox 740 3533 790 3592; x_wconf 91' lang='lat' dir='ltr'><strong>est</strong></span> <span class='ocrx_word' id='word_1_8' title='bbox 809 3528 911 3591; x_wconf 88' lang='lat' dir='ltr'><strong>saneti</strong></span> 
     </span>
    </p>
   </div>
   <div class='ocr_carea' id='block_1_2' title="bbox 194 301 246 364">
    <p class='ocr_par' dir='ltr' id='par_1_2' title="bbox 194 301 246 364">
     <span class='ocr_line' id='line_1_2' title="bbox 194 301 246 364; baseline -0.058 0"><span class='ocrx_word' id='word_1_9' title='bbox 194 301 246 364; x_wconf 80' lang='lat' dir='ltr'><strong>stt</strong></span> 
     </span>
    </p>
   </div>
   <div class='ocr_carea' id='block_1_3' title="bbox 144 393 985 1971">
    <p class='ocr_par' dir='ltr' id='par_1_3' title="bbox 144 393 985 1971">
     <span class='ocr_line' id='line_1_3' title="bbox 194 393 982 490; baseline -0.036 -6"><span class='ocrx_word' id='word_1_10' title='bbox 194 418 343 488; x_wconf 85' lang='lat' dir='ltr'><strong>inimico,</strong></span> <span class='ocrx_word' id='word_1_11' title='bbox 371 411 422 474; x_wconf 90' lang='lat' dir='ltr'><strong>vel</strong></span> <span class='ocrx_word' id='word_1_12' title='bbox 447 407 524 488; x_wconf 90' lang='lat' dir='ltr'><strong>quia</strong></span> <span class='ocrx_word' id='word_1_13' title='bbox 545 421 603 484; x_wconf 90' lang='lat' dir='ltr'><strong>per</strong></span> <span class='ocrx_word' id='word_1_14' title='bbox 629 397 865 490; x_wconf 54' lang='lat' dir='ltr'><strong>continentiam⁸</strong></span> <span class='ocrx_word' id='word_1_15' title='bbox 886 393 982 456; x_wconf 91' lang='lat' dir='ltr'><strong>homo</strong></span> 
     </span>
     <span class='ocr_line' id='line_1_4' title="bbox 193 475 980 580; baseline -0.043 -17"><span class='ocrx_word' id='word_1_16' title='bbox 193 495 331 580; x_wconf 80' lang='lat' dir='ltr'><strong>pcricctd</strong></span> <span class='ocrx_word' id='word_1_17' title='bbox 348 488 567 554; x_wconf 77' lang='lat' dir='ltr'><strong>conformatur</strong></span> <span class='ocrx_word' id='word_1_18' title='bbox 581 479 708 543; x_wconf 85' lang='lat' dir='ltr'><strong>Christo</strong></span> <span class='ocrx_word' id='word_1_19' title='bbox 729 475 906 538; x_wconf 89' lang='lat' dir='ltr'><strong>secuudum</strong></span> <span class='ocrx_word' id='word_1_20' title='bbox 919 491 980 565; x_wconf 78' lang='lat' dir='ltr'><strong>pu·</strong></span> 
     </span>
     <span class='ocr_line' id='line_1_5' title="bbox 194 553 983 644; baseline -0.042 -2"><span class='ocrx_word' id='word_1_21' title='bbox 194 579 321 642; x_wconf 90' lang='lat' dir='ltr'><strong>ritatem</strong></span> <span class='ocrx_word' id='word_1_22' title='bbox 337 571 453 634; x_wconf 84' lang='lat' dir='ltr'><strong>animis</strong></span> <span class='ocrx_word' id='word_1_23' title='bbox 476 573 507 628; x_wconf 88' lang='lat' dir='ltr'><strong>et</strong></span> <span class='ocrx_word' id='word_1_24' title='bbox 530 559 686 638; x_wconf 90' lang='lat' dir='ltr'><strong>corporis.</strong></span> <span class='ocrx_word' id='word_1_25' title='bbox 709 555 768 616; x_wconf 90' lang='lat' dir='ltr'><strong>Sed</strong></span> <span class='ocrx_word' id='word_1_26' title='bbox 781 553 843 644; x_wconf 80' lang='lat' dir='ltr'><strong>hoe</strong></span> <span class='ocrx_word' id='word_1_27' title='bbox 856 569 923 612; x_wconf 92' lang='lat' dir='ltr'><strong>non</strong></span> <span class='ocrx_word' id='word_1_28' title='bbox 938 569 983 612; x_wconf 89' lang='lat' dir='ltr'><strong>vi·</strong></span> 
     </span>
     <span class='ocr_line' id='line_1_6' title="bbox 194 635 983 726; baseline -0.038 -7"><span class='ocrx_word' id='word_1_29' title='bbox 194 657 287 718; x_wconf 88' lang='lat' dir='ltr'><strong>detur</strong></span> <span class='ocrx_word' id='word_1_30' title='bbox 312 642 482 712; x_wconf 85' lang='lat' dir='ltr'><strong>efficaciter</strong></span> <span class='ocrx_word' id='word_1_31' title='bbox 501 637 663 716; x_wconf 91' lang='lat' dir='ltr'><strong>dici,quia</strong></span> <span class='ocrx_word' id='word_1_32' title='bbox 683 637 768 726; x_wconf 85' lang='lat' dir='ltr'><strong>bona</strong></span> <span class='ocrx_word' id='word_1_33' title='bbox 789 647 917 702; x_wconf 80' lang='lat' dir='ltr'><strong>anima,</strong></span> <span class='ocrx_word' id='word_1_34' title='bbox 932 635 983 690; x_wconf 88' lang='lat' dir='ltr'><strong>ut·</strong></span> 
     </span>
     <span class='ocr_line' id='line_1_7' title="bbox 194 709 983 816; baseline -0.037 -19"><span class='ocrx_word' id='word_1_35' title='bbox 194 742 269 816; x_wconf 91' lang='lat' dir='ltr'><strong>pote</strong></span> <span class='ocrx_word' id='word_1_36' title='bbox 304 721 529 802; x_wconf 90' lang='lat' dir='ltr'><strong>contemplatio</strong></span> <span class='ocrx_word' id='word_1_37' title='bbox 554 723 585 778; x_wconf 88' lang='lat' dir='ltr'><strong>et</strong></span> <span class='ocrx_word' id='word_1_38' title='bbox 618 719 747 784; x_wconf 90' lang='lat' dir='ltr'><strong>oratio,</strong></span> <span class='ocrx_word' id='word_1_39' title='bbox 779 713 855 802; x_wconf 77' lang='lat' dir='ltr'><strong>sunt</strong></span> <span class='ocrx_word' id='word_1_40' title='bbox 881 709 983 768; x_wconf 92' lang='lat' dir='ltr'><strong>multd</strong></span> 
     </span>
     <span class='ocr_line' id='line_1_8' title="bbox 195 786 982 880; baseline -0.042 -3"><span class='ocrx_word' id='word_1_41' title='bbox 195 812 329 876; x_wconf 80' lang='lat' dir='ltr'>meliora</span> <span class='ocrx_word' id='word_1_42' title='bbox 357 802 449 868; x_wconf 90' lang='lat' dir='ltr'><strong>bonis</strong></span> <span class='ocrx_word' id='word_1_43' title='bbox 470 794 633 876; x_wconf 88' lang='lat' dir='ltr'><strong>corporis,</strong></span> <span class='ocrx_word' id='word_1_44' title='bbox 656 799 687 852; x_wconf 93' lang='lat' dir='ltr'><strong>et</strong></span> <span class='ocrx_word' id='word_1_45' title='bbox 707 805 809 880; x_wconf 75' lang='lat' dir='ltr'><strong>magis</strong></span> <span class='ocrx_word' id='word_1_46' title='bbox 834 802 893 848; x_wconf 88' lang='lat' dir='ltr'><strong>uos</strong></span> <span class='ocrx_word' id='word_1_47' title='bbox 915 786 982 878; x_wconf 71' lang='lat' dir='ltr'><strong>lieo</strong></span> 
     </span>
     <span class='ocr_line' id='line_1_9' title="bbox 195 868 981 954; baseline -0.036 0"><span class='ocrx_word' id='word_1_48' title='bbox 195 888 398 954; x_wconf 73' lang='lat' dir='ltr'>conformant</span> <span class='ocrx_word' id='word_1_49' title='bbox 422 901 430 940; x_wconf 79' lang='grc' dir='ltr'><strong>ι</strong></span> <span class='ocrx_word' id='word_1_50' title='bbox 456 885 488 940; x_wconf 91' lang='lat' dir='ltr'><strong>ot</strong></span> <span class='ocrx_word' id='word_1_51' title='bbox 501 881 608 936; x_wconf 91' lang='lat' dir='ltr'><strong>tamen</strong></span> <span class='ocrx_word' id='word_1_52' title='bbox 625 874 730 949; x_wconf 90' lang='lat' dir='ltr'><strong>potest</strong></span> <span class='ocrx_word' id='word_1_53' title='bbox 742 868 923 945; x_wconf 91' lang='lat' dir='ltr'><strong>dispensari</strong></span> <span class='ocrx_word' id='word_1_54' title='bbox 948 881 981 940; x_wconf 88' lang='grc' dir='ltr'><strong>ιιι</strong></span> 
     </span>
     <span class='ocr_line' id='line_1_10' title="bbox 144 943 982 1036; baseline -0.039 -1"><span class='ocrx_word' id='word_1_55' title='bbox 144 999 147 1006; x_wconf 91' lang='grc'>·</span> <span class='ocrx_word' id='word_1_56' title='bbox 196 974 270 1032; x_wconf 91' lang='lat' dir='ltr'><strong>voto</strong></span> <span class='ocrx_word' id='word_1_57' title='bbox 284 961 438 1028; x_wconf 90' lang='lat' dir='ltr'><strong>orationis</strong></span> <span class='ocrx_word' id='word_1_58' title='bbox 452 956 503 1019; x_wconf 91' lang='lat' dir='ltr'><strong>vel</strong></span> <span class='ocrx_word' id='word_1_59' title='bbox 514 947 803 1028; x_wconf 77' lang='lat' dir='ltr'><strong>contemplationis.</strong></span> <span class='ocrx_word' id='word_1_60' title='bbox 815 943 904 1036; x_wconf 77' lang='lat' dir='ltr'><strong>¹Unde</strong></span> <span class='ocrx_word' id='word_1_61' title='bbox 916 959 982 1004; x_wconf 85' lang='lat' dir='ltr'><strong>noa</strong></span> 
     </span>
     <span class='ocr_line' id='line_1_11' title="bbox 195 1023 978 1118; baseline -0.04 -6"><span class='ocrx_word' id='word_1_62' title='bbox 195 1049 319 1112; x_wconf 90' lang='lat' dir='ltr'><strong>videtur</strong></span> <span class='ocrx_word' id='word_1_63' title='bbox 344 1057 414 1103; x_wconf 89' lang='lat' dir='ltr'><strong>esse</strong></span> <span class='ocrx_word' id='word_1_64' title='bbox 428 1035 511 1098; x_wconf 88' lang='lat' dir='ltr'><strong>ratio</strong></span> <span class='ocrx_word' id='word_1_65' title='bbox 525 1045 628 1109; x_wconf 89' lang='lat' dir='ltr'><strong>quaro</strong></span> <span class='ocrx_word' id='word_1_66' title='bbox 650 1044 716 1088; x_wconf 90' lang='lat' dir='ltr'><strong>iiou</strong></span> <span class='ocrx_word' id='word_1_67' title='bbox 738 1027 841 1118; x_wconf 76' lang='lat' dir='ltr'><strong>possit</strong></span> <span class='ocrx_word' id='word_1_68' title='bbox 854 1023 978 1099; x_wconf 90' lang='lat' dir='ltr'><strong>dispeu-</strong></span> 
     </span>
     <span class='ocr_line' id='line_1_12' title="bbox 194 1101 982 1190; baseline -0.039 0"><span class='ocrx_word' id='word_1_69' title='bbox 194 1127 260 1190; x_wconf 89' lang='lat' dir='ltr'><strong>sari</strong></span> <span class='ocrx_word' id='word_1_70' title='bbox 275 1127 308 1186; x_wconf 94' lang='lat' dir='ltr'><strong>in</strong></span> <span class='ocrx_word' id='word_1_71' title='bbox 323 1109 627 1184; x_wconf 80' lang='lat' dir='ltr'><strong>votocontiiieutias,</strong></span> <span class='ocrx_word' id='word_1_72' title='bbox 643 1107 669 1168; x_wconf 87' lang='lat' dir='ltr'><strong>si</strong></span> <span class='ocrx_word' id='word_1_73' title='bbox 685 1106 877 1182; x_wconf 88' lang='lat' dir='ltr'><strong>respiciatur</strong></span> <span class='ocrx_word' id='word_1_74' title='bbox 887 1101 982 1162; x_wconf 89' lang='lat' dir='ltr'><strong>abso-</strong></span> 
     </span>
     <span class='ocr_line' id='line_1_13' title="bbox 195 1183 982 1284; baseline -0.037 -16"><span class='ocrx_word' id='word_1_75' title='bbox 195 1205 261 1267; x_wconf 84' lang='lat' dir='ltr'><strong>lutd</strong></span> <span class='ocrx_word' id='word_1_76' title='bbox 281 1201 320 1265; x_wconf 91' lang='lat' dir='ltr'><strong>ad</strong></span> <span class='ocrx_word' id='word_1_77' title='bbox 340 1202 444 1277; x_wconf 83' lang='lat' dir='ltr'>ipsam</span> <span class='ocrx_word' id='word_1_78' title='bbox 458 1185 661 1253; x_wconf 80' lang='lat' dir='ltr'><strong>continentia</strong></span> <span class='ocrx_word' id='word_1_79' title='bbox 682 1183 887 1275; x_wconf 69' lang='lat' dir='ltr'><strong>dignitatem</strong></span> <span class='ocrx_word' id='word_1_80' title='bbox 901 1194 982 1284; x_wconf 73' lang='lat' dir='ltr'><strong>pra·</strong></span> 
     </span>
     <span class='ocr_line' id='line_1_14' title="bbox 195 1255 983 1351; baseline -0.041 -3"><span class='ocrx_word' id='word_1_81' title='bbox 195 1285 304 1347; x_wconf 88' lang='lat' dir='ltr'><strong>sertim</strong></span> <span class='ocrx_word' id='word_1_82' title='bbox 317 1275 391 1341; x_wconf 81' lang='lat' dir='ltr'><strong>cilm</strong></span> <span class='ocrx_word' id='word_1_83' title='bbox 406 1265 614 1351; x_wconf 75' lang='lat' dir='ltr'><strong>Apostolus,1</strong></span> <span class='ocrx_word' id='word_1_84' title='bbox 630 1261 670 1324; x_wconf 89' lang='lat' dir='ltr'><strong>ad</strong></span> <span class='ocrx_word' id='word_1_85' title='bbox 684 1258 827 1322; x_wconf 89' lang='lat' dir='ltr'><strong>Corinth.</strong></span> <span class='ocrx_word' id='word_1_86' title='bbox 837 1257 869 1332; x_wconf 78' lang='lat' dir='ltr'><strong>i,</strong></span> <span class='ocrx_word' id='word_1_87' title='bbox 880 1255 983 1347; x_wconf 36' lang='lat' dir='ltr'><strong>3s,·ad</strong></span> 
     </span>
     <span class='ocr_line' id='line_1_15' title="bbox 195 1335 983 1426; baseline -0.039 0"><span class='ocrx_word' id='word_1_88' title='bbox 195 1357 424 1424; x_wconf 74' lang='lat' dir='ltr'><strong>continentiam</strong></span> <span class='ocrx_word' id='word_1_89' title='bbox 445 1348 575 1410; x_wconf 87' lang='lat' dir='ltr'><strong>inducat</strong></span> <span class='ocrx_word' id='word_1_90' title='bbox 588 1343 719 1421; x_wconf 87' lang='lat' dir='ltr'><strong>propter</strong></span> <span class='ocrx_word' id='word_1_91' title='bbox 741 1335 983 1426; x_wconf 80' lang='lat' dir='ltr'><strong>contemplatio-</strong></span> 
     </span>
     <span class='ocr_line' id='line_1_16' title="bbox 194 1420 984 1514; baseline -0.043 -9"><span class='ocrx_word' id='word_1_92' title='bbox 194 1460 280 1514; x_wconf 86' lang='lat' dir='ltr'><strong>nem,</strong></span> <span class='ocrx_word' id='word_1_93' title='bbox 289 1439 398 1500; x_wconf 87' lang='lat' dir='ltr'><strong>dicens</strong></span> <span class='ocrx_word' id='word_1_94' title='bbox 410 1427 497 1508; x_wconf 88' lang='lat' dir='ltr'><strong>qudd</strong></span> <span class='ocrx_word' id='word_1_95' title='bbox 510 1422 622 1486; x_wconf 79' lang='lat' dir='ltr'><strong>mulier</strong></span> <span class='ocrx_word' id='word_1_96' title='bbox 636 1420 773 1496; x_wconf 77' lang='lat' dir='ltr'><strong>incepto</strong></span> <span class='ocrx_word' id='word_1_97' title='bbox 786 1421 903 1493; x_wconf 77' lang='lat' dir='ltr'><strong>copetot</strong></span> <span class='ocrx_word' id='word_1_98' title='bbox 917 1431 984 1493; x_wconf 79' lang='lat' dir='ltr'><strong>qao</strong></span> 
     </span>
     <span class='ocr_line' id='line_1_17' title="bbox 193 1494 984 1584; baseline -0.039 -2"><span class='ocrx_word' id='word_1_99' title='bbox 193 1520 252 1581; x_wconf 84' lang='lat' dir='ltr'><strong>Dei</strong></span> <span class='ocrx_word' id='word_1_100' title='bbox 265 1523 352 1580; x_wconf 81' lang='lat' dir='ltr'><strong>suat.</strong></span> <span class='ocrx_word' id='word_1_101' title='bbox 365 1509 454 1574; x_wconf 88' lang='lat' dir='ltr'><strong>Finis</strong></span> <span class='ocrx_word' id='word_1_102' title='bbox 467 1507 576 1568; x_wconf 87' lang='lat' dir='ltr'><strong>autem</strong></span> <span class='ocrx_word' id='word_1_103' title='bbox 587 1499 752 1580; x_wconf 87' lang='lat' dir='ltr'><strong>potiorest</strong></span> <span class='ocrx_word' id='word_1_104' title='bbox 764 1494 814 1556; x_wconf 89' lang='lat' dir='ltr'><strong>liis</strong></span> <span class='ocrx_word' id='word_1_105' title='bbox 825 1510 898 1584; x_wconf 77' lang='lat' dir='ltr'><strong>qua</strong></span> <span class='ocrx_word' id='word_1_106' title='bbox 908 1496 984 1584; x_wconf 83' lang='lat' dir='ltr'><strong>sunt</strong></span> 
     </span>
     <span class='ocr_line' id='line_1_18' title="bbox 194 1571 984 1660; baseline -0.054 1"><span class='ocrx_word' id='word_1_107' title='bbox 194 1600 234 1660; x_wconf 76' lang='lat' dir='ltr'><strong>ad</strong></span> <span class='ocrx_word' id='word_1_108' title='bbox 247 1598 356 1658; x_wconf 80' lang='lat' dir='ltr'><strong>finem.</strong></span> <span class='ocrx_word' id='word_1_109' title='bbox 382 1591 423 1650; x_wconf 80' lang='lat' dir='ltr'><strong>Et</strong></span> <span class='ocrx_word' id='word_1_110' title='bbox 443 1583 513 1647; x_wconf 80' lang='grc' dir='ltr'>ἰιιιὸ</span> <span class='ocrx_word' id='word_1_111' title='bbox 536 1581 590 1642; x_wconf 80' lang='lat' dir='ltr'><strong>alii</strong></span> <span class='ocrx_word' id='word_1_112' title='bbox 611 1577 771 1639; x_wconf 75' lang='lat' dir='ltr'><strong>rationem</strong></span> <span class='ocrx_word' id='word_1_113' title='bbox 792 1571 887 1651; x_wconf 72' lang='lat' dir='ltr'><strong>hujus</strong></span> <span class='ocrx_word' id='word_1_114' title='bbox 903 1586 984 1660; x_wconf 60' lang='lat' dir='ltr'><strong>atsi·</strong></span> 
     </span>
     <span class='ocr_line' id='line_1_19' title="bbox 194 1649 982 1756; baseline -0.039 -16"><span class='ocrx_word' id='word_1_115' title='bbox 194 1679 295 1756; x_wconf 76' lang='lat' dir='ltr'><strong>gnaut</strong></span> <span class='ocrx_word' id='word_1_116' title='bbox 309 1690 351 1734; x_wconf 85' lang='lat' dir='ltr'><strong>ex</strong></span> <span class='ocrx_word' id='word_1_117' title='bbox 361 1662 573 1748; x_wconf 76' lang='lat' dir='ltr'><strong>perpetuitate</strong></span> <span class='ocrx_word' id='word_1_118' title='bbox 587 1660 619 1719; x_wconf 89' lang='lat' dir='ltr'><strong>et</strong></span> <span class='ocrx_word' id='word_1_119' title='bbox 628 1651 871 1742; x_wconf 77' lang='lat' dir='ltr'><strong>universalitate</strong></span> <span class='ocrx_word' id='word_1_120' title='bbox 885 1649 982 1741; x_wconf 75' lang='lat' dir='ltr'><strong>buius</strong></span> 
     </span>
     <span class='ocr_line' id='line_1_20' title="bbox 195 1732 984 1821; baseline -0.033 -7"><span class='ocrx_word' id='word_1_121' title='bbox 195 1756 273 1814; x_wconf 91' lang='lat' dir='ltr'><strong>voti.</strong></span> <span class='ocrx_word' id='word_1_122' title='bbox 301 1750 419 1812; x_wconf 88' lang='lat' dir='ltr'><strong>Dicunt</strong></span> <span class='ocrx_word' id='word_1_123' title='bbox 440 1742 526 1804; x_wconf 89' lang='lat' dir='ltr'><strong>enim</strong></span> <span class='ocrx_word' id='word_1_124' title='bbox 548 1734 635 1814; x_wconf 91' lang='lat' dir='ltr'><strong>qudd</strong></span> <span class='ocrx_word' id='word_1_125' title='bbox 656 1736 765 1794; x_wconf 89' lang='lat' dir='ltr'><strong>votnm</strong></span> <span class='ocrx_word' id='word_1_126' title='bbox 780 1732 984 1821; x_wconf 80' lang='lat' dir='ltr'><strong>continentiae</strong></span> 
     </span>
     <span class='ocr_line' id='line_1_21' title="bbox 196 1804 985 1908; baseline -0.033 -16"><span class='ocrx_word' id='word_1_127' title='bbox 196 1849 262 1894; x_wconf 89' lang='lat' dir='ltr'><strong>non</strong></span> <span class='ocrx_word' id='word_1_128' title='bbox 279 1831 385 1908; x_wconf 83' lang='lat' dir='ltr'><strong>potest</strong></span> <span class='ocrx_word' id='word_1_129' title='bbox 404 1814 614 1901; x_wconf 77' lang='lat' dir='ltr'><strong>praetermitti,</strong></span> <span class='ocrx_word' id='word_1_130' title='bbox 634 1811 696 1872; x_wconf 92' lang='lat' dir='ltr'><strong>nisi</strong></span> <span class='ocrx_word' id='word_1_131' title='bbox 713 1827 771 1888; x_wconf 91' lang='lat' dir='ltr'><strong>per</strong></span> <span class='ocrx_word' id='word_1_132' title='bbox 787 1808 824 1867; x_wconf 79' lang='grc' dir='ltr'><strong>ιιι</strong></span> <span class='ocrx_word' id='word_1_133' title='bbox 836 1804 921 1898; x_wconf 81' lang='lat' dir='ltr'><strong>quod</strong></span> <span class='ocrx_word' id='word_1_134' title='bbox 936 1809 985 1896; x_wconf 76' lang='lat' dir='ltr'><strong>est</strong></span> 
     </span>
     <span class='ocr_line' id='line_1_22' title="bbox 200 1883 983 1971; baseline -0.036 0"><span class='ocrx_word' id='word_1_135' title='bbox 200 1908 332 1971; x_wconf 89' lang='lat' dir='ltr'><strong>omninb</strong></span> <span class='ocrx_word' id='word_1_136' title='bbox 345 1898 561 1969; x_wconf 66' lang='lat' dir='ltr'><strong>contrariam</strong></span> <span class='ocrx_word' id='word_1_137' title='bbox 576 1889 663 1970; x_wconf 92' lang='lat' dir='ltr'><strong>quod</strong></span> <span class='ocrx_word' id='word_1_138' title='bbox 681 1883 850 1966; x_wconf 76' lang='lat' dir='ltr'><strong>uunqudm</strong></span> <span class='ocrx_word' id='word_1_139' title='bbox 864 1885 936 1946; x_wconf 88' lang='lat' dir='ltr'><strong>lieet</strong></span> <span class='ocrx_word' id='word_1_140' title='bbox 949 1901 983 1944; x_wconf 89' lang='lat' dir='ltr'><strong>iii</strong></span> 
     </span>
    </p>
   </div>
   <div class='ocr_carea' id='block_1_4' title="bbox 198 1985 984 2130">
    <p class='ocr_par' dir='ltr' id='par_1_4' title="bbox 198 1985 984 2130">
     <span class='ocr_line' id='line_1_23' title="bbox 198 1985 926 2056; baseline -0.033 -8"><span class='ocrx_word' id='word_1_141' title='bbox 198 1985 240 2048; x_wconf 91' lang='lat' dir='ltr'><strong>al&#39;</strong></span> <span class='ocrx_word' id='word_1_142' title='bbox 265 2004 309 2050; x_wconf 92' lang='lat' dir='ltr'><strong>uo</strong></span> <span class='ocrx_word' id='word_1_143' title='bbox 323 1985 409 2048; x_wconf 89' lang='lat' dir='ltr'><strong>voto.</strong></span> <span class='ocrx_word' id='word_1_144' title='bbox 643 2041 647 2046; x_wconf 59' lang='grc'><strong>,</strong></span> <span class='ocrx_word' id='word_1_145' title='bbox 847 2041 855 2056; x_wconf 96' lang='lat'><strong>.</strong></span> <span class='ocrx_word' id='word_1_146' title='bbox 919 2041 926 2056; x_wconf 25' lang='grc' dir='ltr'>ι</span> 
     </span>
     <span class='ocr_line' id='line_1_24' title="bbox 233 2003 984 2130; baseline -0.04 0"><span class='ocrx_word' id='word_1_147' title='bbox 233 2003 295 2130; x_wconf 57' lang='grc' dir='ltr'><strong>Ιξιιι</strong></span> <span class='ocrx_word' id='word_1_148' title='bbox 314 2065 376 2126; x_wconf 89' lang='lat' dir='ltr'><strong>hoc</strong></span> <span class='ocrx_word' id='word_1_149' title='bbox 395 2061 444 2122; x_wconf 86' lang='lat' dir='ltr'><strong>est</strong></span> <span class='ocrx_word' id='word_1_150' title='bbox 459 2047 625 2116; x_wconf 76' lang='lat' dir='ltr'><strong>manifeste</strong></span> <span class='ocrx_word' id='word_1_151' title='bbox 646 2043 774 2118; x_wconf 86' lang='lat' dir='ltr'><strong>laisum,</strong></span> <span class='ocrx_word' id='word_1_152' title='bbox 799 2058 878 2121; x_wconf 89' lang='lat' dir='ltr'><strong>quia</strong></span> <span class='ocrx_word' id='word_1_153' title='bbox 900 2043 984 2104; x_wconf 92' lang='lat' dir='ltr'><strong>sicut</strong></span> 
     </span>
    </p>
   </div>
   <div class='ocr_carea' id='block_1_5' title="bbox 197 2123 986 2693">
    <p class='ocr_par' dir='ltr' id='par_1_5' title="bbox 197 2123 986 2693">
     <span class='ocr_line' id='line_1_25' title="bbox 197 2123 984 2212; baseline -0.042 -2"><span class='ocrx_word' id='word_1_154' title='bbox 197 2148 243 2210; x_wconf 92' lang='lat' dir='ltr'><strong>titi</strong></span> <span class='ocrx_word' id='word_1_155' title='bbox 266 2139 390 2207; x_wconf 90' lang='lat' dir='ltr'><strong>carnali</strong></span> <span class='ocrx_word' id='word_1_156' title='bbox 410 2129 526 2212; x_wconf 81' lang='lat' dir='ltr'><strong>copula</strong></span> <span class='ocrx_word' id='word_1_157' title='bbox 555 2131 604 2190; x_wconf 91' lang='lat' dir='ltr'><strong>est</strong></span> <span class='ocrx_word' id='word_1_158' title='bbox 627 2123 836 2212; x_wconf 42' lang='lat' dir='ltr'><strong>continentiis·</strong></span> <span class='ocrx_word' id='word_1_159' title='bbox 856 2124 984 2210; x_wconf 80' lang='lat' dir='ltr'><strong>contra-</strong></span> 
     </span>
     <span class='ocr_line' id='line_1_26' title="bbox 197 2197 985 2296; baseline -0.042 -8"><span class='ocrx_word' id='word_1_160' title='bbox 197 2227 299 2296; x_wconf 84' lang='lat' dir='ltr'><strong>rium,</strong></span> <span class='ocrx_word' id='word_1_161' title='bbox 323 2222 368 2282; x_wconf 90' lang='lat' dir='ltr'><strong>ita</strong></span> <span class='ocrx_word' id='word_1_162' title='bbox 392 2209 558 2278; x_wconf 88' lang='lat' dir='ltr'><strong>comedere</strong></span> <span class='ocrx_word' id='word_1_163' title='bbox 574 2221 717 2276; x_wconf 83' lang='lat' dir='ltr'><strong>carnos,</strong></span> <span class='ocrx_word' id='word_1_164' title='bbox 741 2201 792 2292; x_wconf 81' lang='lat' dir='ltr'><strong>vel</strong></span> <span class='ocrx_word' id='word_1_165' title='bbox 806 2197 916 2290; x_wconf 68' lang='lat' dir='ltr'><strong>bibepe</strong></span> <span class='ocrx_word' id='word_1_166' title='bbox 938 2215 985 2256; x_wconf 86' lang='lat' dir='ltr'><strong>vi·</strong></span> 
     </span>
     <span class='ocr_line' id='line_1_27' title="bbox 197 2275 982 2372; baseline -0.042 -4"><span class='ocrx_word' id='word_1_167' title='bbox 197 2323 294 2372; x_wconf 87' lang='lat' dir='ltr'><strong>uum,</strong></span> <span class='ocrx_word' id='word_1_168' title='bbox 309 2304 358 2362; x_wconf 89' lang='lat' dir='ltr'><strong>est</strong></span> <span class='ocrx_word' id='word_1_169' title='bbox 373 2289 571 2358; x_wconf 86' lang='lat' dir='ltr'><strong>contrarium</strong></span> <span class='ocrx_word' id='word_1_170' title='bbox 586 2282 789 2344; x_wconf 73' lang='lat' dir='ltr'><strong>abstinentia</strong></span> <span class='ocrx_word' id='word_1_171' title='bbox 803 2275 823 2340; x_wconf 79' lang='lat' dir='ltr'><strong>d</strong></span> <span class='ocrx_word' id='word_1_172' title='bbox 837 2275 954 2367; x_wconf 30' lang='lat' dir='ltr'><strong>tal-ibus</strong></span> <span class='ocrx_word' id='word_1_173' title='bbox 973 2293 982 2334; x_wconf 79' lang='grc' dir='ltr'><strong>ι</strong></span> 
     </span>
     <span class='ocr_line' id='line_1_28' title="bbox 197 2352 985 2448; baseline -0.042 -4"><span class='ocrx_word' id='word_1_174' title='bbox 197 2388 229 2444; x_wconf 84' lang='grc' dir='ltr'><strong>ιι</strong></span> <span class='ocrx_word' id='word_1_175' title='bbox 251 2387 359 2444; x_wconf 88' lang='lat' dir='ltr'><strong>tamen</strong></span> <span class='ocrx_word' id='word_1_176' title='bbox 378 2375 413 2435; x_wconf 94' lang='lat' dir='ltr'><strong>iu</strong></span> <span class='ocrx_word' id='word_1_177' title='bbox 434 2362 619 2446; x_wconf 83' lang='lat' dir='ltr'><strong>hujusmodi</strong></span> <span class='ocrx_word' id='word_1_178' title='bbox 636 2360 719 2423; x_wconf 91' lang='lat' dir='ltr'><strong>votis</strong></span> <span class='ocrx_word' id='word_1_179' title='bbox 733 2359 839 2448; x_wconf 75' lang='lat' dir='ltr'><strong>potest</strong></span> <span class='ocrx_word' id='word_1_180' title='bbox 856 2352 985 2447; x_wconf 78' lang='lat' dir='ltr'><strong>dispen-</strong></span> 
     </span>
     <span class='ocr_line' id='line_1_29' title="bbox 198 2435 984 2529; baseline -0.043 -5"><span class='ocrx_word' id='word_1_181' title='bbox 198 2461 275 2524; x_wconf 91' lang='lat' dir='ltr'><strong>sari.</strong></span> <span class='ocrx_word' id='word_1_182' title='bbox 290 2459 330 2518; x_wconf 86' lang='lat' dir='ltr'><strong>Et</strong></span> <span class='ocrx_word' id='word_1_183' title='bbox 341 2451 413 2514; x_wconf 84' lang='lat' dir='ltr'><strong>ideo</strong></span> <span class='ocrx_word' id='word_1_184' title='bbox 425 2448 497 2511; x_wconf 90' lang='lat' dir='ltr'><strong>aliis</strong></span> <span class='ocrx_word' id='word_1_185' title='bbox 511 2442 637 2506; x_wconf 89' lang='lat' dir='ltr'><strong>videtur</strong></span> <span class='ocrx_word' id='word_1_186' title='bbox 648 2435 735 2529; x_wconf 73' lang='lat' dir='ltr'><strong>qudd</strong></span> <span class='ocrx_word' id='word_1_187' title='bbox 750 2437 846 2524; x_wconf 78' lang='lat' dir='ltr'><strong>etiam</strong></span> <span class='ocrx_word' id='word_1_188' title='bbox 861 2451 895 2492; x_wconf 94' lang='lat' dir='ltr'><strong>iu</strong></span> <span class='ocrx_word' id='word_1_189' title='bbox 909 2435 984 2493; x_wconf 90' lang='lat' dir='ltr'><strong>voto</strong></span> 
     </span>
     <span class='ocr_line' id='line_1_30' title="bbox 197 2514 985 2607; baseline -0.043 -7"><span class='ocrx_word' id='word_1_190' title='bbox 197 2535 332 2600; x_wconf 92' lang='lat' dir='ltr'><strong>solemni</strong></span> <span class='ocrx_word' id='word_1_191' title='bbox 343 2523 545 2594; x_wconf 72' lang='lat' dir='ltr'><strong>continentiae</strong></span> <span class='ocrx_word' id='word_1_192' title='bbox 555 2515 842 2607; x_wconf 80' lang='lat' dir='ltr'><strong>possitdispeusari</strong></span> <span class='ocrx_word' id='word_1_193' title='bbox 854 2514 985 2599; x_wconf 81' lang='lat' dir='ltr'><strong>proptor</strong></span> 
     </span>
     <span class='ocr_line' id='line_1_31' title="bbox 198 2596 986 2693; baseline -0.043 -13"><span class='ocrx_word' id='word_1_194' title='bbox 198 2619 341 2693; x_wconf 86' lang='lat' dir='ltr'><strong>aliquam</strong></span> <span class='ocrx_word' id='word_1_195' title='bbox 357 2617 559 2671; x_wconf 90' lang='lat' dir='ltr'><strong>communem</strong></span> <span class='ocrx_word' id='word_1_196' title='bbox 571 2596 754 2664; x_wconf 87' lang='lat' dir='ltr'><strong>utilitatem,</strong></span> <span class='ocrx_word' id='word_1_197' title='bbox 768 2608 828 2651; x_wconf 87' lang='lat' dir='ltr'><strong>seu</strong></span> <span class='ocrx_word' id='word_1_198' title='bbox 841 2606 986 2651; x_wconf 90' lang='lat' dir='ltr'><strong>uecessi-</strong></span> 
     </span>
    </p>
   </div>
   <div class='ocr_carea' id='block_1_6' title="bbox 198 2665 985 2854">
    <p class='ocr_par' dir='ltr' id='par_1_6' title="bbox 198 2665 985 2854">
     <span class='ocr_line' id='line_1_32' title="bbox 198 2665 984 2764; baseline -0.043 -6"><span class='ocrx_word' id='word_1_199' title='bbox 198 2700 317 2764; x_wconf 89' lang='lat' dir='ltr'><strong>tatem,</strong></span> <span class='ocrx_word' id='word_1_200' title='bbox 346 2693 382 2750; x_wconf 90' lang='lat' dir='ltr'><strong>ut</strong></span> <span class='ocrx_word' id='word_1_201' title='bbox 401 2684 492 2762; x_wconf 90' lang='lat' dir='ltr'><strong>patet</strong></span> <span class='ocrx_word' id='word_1_202' title='bbox 518 2677 552 2739; x_wconf 92' lang='lat' dir='ltr'><strong>iu</strong></span> <span class='ocrx_word' id='word_1_203' title='bbox 578 2671 725 2748; x_wconf 87' lang='lat' dir='ltr'><strong>exemplo</strong></span> <span class='ocrx_word' id='word_1_204' title='bbox 757 2667 923 2757; x_wconf 69' lang='lat' dir='ltr'><strong>praemisso</strong></span> <span class='ocrx_word' id='word_1_205' title='bbox 950 2665 984 2725; x_wconf 91' lang='lat' dir='ltr'><strong>in</strong></span> 
     </span>
     <span class='ocr_line' id='line_1_33' title="bbox 198 2745 985 2854; baseline -0.042 -18"><span class='ocrx_word' id='word_1_206' title='bbox 198 2791 267 2854; x_wconf 66' lang='grc' dir='ltr'>ιιι.</span> <span class='ocrx_word' id='word_1_207' title='bbox 289 2771 302 2832; x_wconf 89' lang='grc'><strong>1</strong></span> <span class='ocrx_word' id='word_1_208' title='bbox 328 2768 367 2830; x_wconf 92' lang='lat' dir='ltr'><strong>de</strong></span> <span class='ocrx_word' id='word_1_209' title='bbox 389 2757 609 2843; x_wconf 80' lang='lat' dir='ltr'><strong>pacificatione</strong></span> <span class='ocrx_word' id='word_1_210' title='bbox 633 2754 793 2812; x_wconf 87' lang='lat' dir='ltr'><strong>terrarum</strong></span> <span class='ocrx_word' id='word_1_211' title='bbox 812 2763 854 2808; x_wconf 91' lang='grc' dir='ltr'><strong>ιι</strong></span> <span class='ocrx_word' id='word_1_212' title='bbox 874 2745 985 2822; x_wconf 91' lang='lat' dir='ltr'><strong>aliquo</strong></span> 
     </span>
    </p>
   </div>
   <div class='ocr_carea' id='block_1_7' title="bbox 198 2830 984 3003">
    <p class='ocr_par' dir='ltr' id='par_1_7' title="bbox 198 2830 984 3003">
     <span class='ocr_line' id='line_1_34' title="bbox 198 2830 956 2914; baseline -0.062 2"><span class='ocrx_word' id='word_1_213' title='bbox 198 2846 403 2914; x_wconf 89' lang='lat' dir='ltr'><strong>matrimonio</strong></span> <span class='ocrx_word' id='word_1_214' title='bbox 418 2830 649 2902; x_wconf 90' lang='lat' dir='ltr'><strong>contrahendo.</strong></span> <span class='ocrx_word' id='word_1_215' title='bbox 920 2899 926 2914; x_wconf 36' lang='grc' dir='ltr'>ι</span> <span class='ocrx_word' id='word_1_216' title='bbox 949 2899 956 2914; x_wconf 25' lang='grc' dir='ltr'>ι</span> 
     </span>
     <span class='ocr_line' id='line_1_35' title="bbox 237 2900 984 3003; baseline -0.043 -12"><span class='ocrx_word' id='word_1_217' title='bbox 237 2929 296 2990; x_wconf 86' lang='lat' dir='ltr'><strong>Sed</strong></span> <span class='ocrx_word' id='word_1_218' title='bbox 313 2925 391 3003; x_wconf 90' lang='lat' dir='ltr'><strong>quia</strong></span> <span class='ocrx_word' id='word_1_219' title='bbox 403 2911 578 2981; x_wconf 86' lang='lat' dir='ltr'><strong>Decretalis</strong></span> <span class='ocrx_word' id='word_1_220' title='bbox 593 2907 723 2969; x_wconf 88' lang='lat' dir='ltr'><strong>inducta</strong></span> <span class='ocrx_word' id='word_1_221' title='bbox 733 2900 886 2981; x_wconf 79' lang='lat' dir='ltr'><strong>expresse</strong></span> <span class='ocrx_word' id='word_1_222' title='bbox 897 2900 984 2974; x_wconf 91' lang='lat' dir='ltr'><strong>dicit,</strong></span> 
     </span>
    </p>
   </div>
   <div class='ocr_carea' id='block_1_8' title="bbox 199 2985 990 4247">
    <p class='ocr_par' dir='ltr' id='par_1_8' title="bbox 199 2985 990 4247">
     <span class='ocr_line' id='line_1_36' title="bbox 199 2985 987 3089; baseline -0.044 -17"><span class='ocrx_word' id='word_1_223' title='bbox 199 3007 284 3089; x_wconf 88' lang='lat' dir='ltr'><strong>qudil</strong></span> <span class='ocrx_word' id='word_1_224' title='bbox 297 3021 351 3066; x_wconf 82' lang='lat' dir='ltr'><strong>aec</strong></span> <span class='ocrx_word' id='word_1_225' title='bbox 365 3012 498 3061; x_wconf 80' lang='lat' dir='ltr'><strong>summos</strong></span> <span class='ocrx_word' id='word_1_226' title='bbox 510 2985 657 3071; x_wconf 75' lang='lat' dir='ltr'><strong>pontifex</strong></span> <span class='ocrx_word' id='word_1_227' title='bbox 672 2989 778 3073; x_wconf 67' lang='lat' dir='ltr'><strong>potest</strong></span> <span class='ocrx_word' id='word_1_228' title='bbox 795 2988 907 3072; x_wconf 72' lang='lat' dir='ltr'><strong>epatre</strong></span> <span class='ocrx_word' id='word_1_229' title='bbox 929 2998 987 3040; x_wconf 83' lang='lat' dir='ltr'><strong>cu-</strong></span> 
     </span>
     <span class='ocr_line' id='line_1_37' title="bbox 199 3056 984 3151; baseline -0.042 -2"><span class='ocrx_word' id='word_1_230' title='bbox 199 3086 333 3149; x_wconf 84' lang='lat' dir='ltr'><strong>stodium</strong></span> <span class='ocrx_word' id='word_1_231' title='bbox 356 3072 510 3141; x_wconf 81' lang='lat' dir='ltr'><strong>castitatis</strong></span> <span class='ocrx_word' id='word_1_232' title='bbox 534 3061 684 3128; x_wconf 77' lang='lat' dir='ltr'><strong>monacho</strong></span> <span class='ocrx_word' id='word_1_233' title='bbox 717 3059 874 3151; x_wconf 67' lang='lat' dir='ltr'><strong>liccatsuos</strong></span> <span class='ocrx_word' id='word_1_234' title='bbox 900 3056 984 3127; x_wconf 83' lang='lat' dir='ltr'><strong>doro,</strong></span> 
     </span>
     <span class='ocr_line' id='line_1_38' title="bbox 200 3136 988 3227; baseline -0.042 0"><span class='ocrx_word' id='word_1_235' title='bbox 200 3165 270 3227; x_wconf 88' lang='lat' dir='ltr'><strong>idad</strong></span> <span class='ocrx_word' id='word_1_236' title='bbox 289 3163 382 3227; x_wconf 92' lang='lat' dir='ltr'><strong>aliter</strong></span> <span class='ocrx_word' id='word_1_237' title='bbox 396 3154 522 3219; x_wconf 89' lang='lat' dir='ltr'><strong>videtur</strong></span> <span class='ocrx_word' id='word_1_238' title='bbox 540 3141 709 3207; x_wconf 89' lang='lat' dir='ltr'><strong>dicendum</strong></span> <span class='ocrx_word' id='word_1_239' title='bbox 724 3136 821 3217; x_wconf 84' lang='lat' dir='ltr'><strong>quod,</strong></span> <span class='ocrx_word' id='word_1_240' title='bbox 840 3139 988 3198; x_wconf 90' lang='lat' dir='ltr'><strong>sicutsu·</strong></span> 
     </span>
     <span class='ocr_line' id='line_1_39' title="bbox 219 3213 988 3356; baseline -0.042 -51"><span class='ocrx_word' id='word_1_241' title='bbox 219 3242 389 3307; x_wconf 80' lang='lat' dir='ltr'><strong>redictum</strong></span> <span class='ocrx_word' id='word_1_242' title='bbox 405 3235 464 3303; x_wconf 89' lang='lat' dir='ltr'><strong>est,</strong></span> <span class='ocrx_word' id='word_1_243' title='bbox 480 3235 540 3291; x_wconf 88' lang='lat' dir='ltr'><strong>art.</strong></span> <span class='ocrx_word' id='word_1_244' title='bbox 556 3240 666 3303; x_wconf 78' lang='lat' dir='ltr'><strong>prisc,</strong></span> <span class='ocrx_word' id='word_1_245' title='bbox 681 3236 752 3356; x_wconf 54' lang='grc' dir='ltr'>ιιξ.</span> <span class='ocrx_word' id='word_1_246' title='bbox 769 3218 799 3291; x_wconf 88' lang='grc'><strong>1,</strong></span> <span class='ocrx_word' id='word_1_247' title='bbox 811 3220 842 3277; x_wconf 88' lang='grc' dir='ltr'><strong>ιι</strong></span> <span class='ocrx_word' id='word_1_248' title='bbox 855 3214 895 3277; x_wconf 92' lang='lat' dir='ltr'><strong>ad</strong></span> <span class='ocrx_word' id='word_1_249' title='bbox 911 3216 926 3275; x_wconf 89' lang='lat'><strong>1</strong></span> <span class='ocrx_word' id='word_1_250' title='bbox 944 3213 988 3305; x_wconf 75' lang='lat' dir='ltr'><strong>(et</strong></span> 
     </span>
     <span class='ocr_line' id='line_1_40' title="bbox 199 3262 988 3388; baseline -0.042 -5"><span class='ocrx_word' id='word_1_251' title='bbox 199 3262 337 3385; x_wconf 58' lang='lat' dir='ltr'><strong>Kabetur</strong></span> <span class='ocrx_word' id='word_1_252' title='bbox 358 3318 435 3377; x_wconf 90' lang='lat' dir='ltr'><strong>Lev.</strong></span> <span class='ocrx_word' id='word_1_253' title='bbox 451 3306 524 3388; x_wconf 85' lang='lat' dir='ltr'><strong>ult.)</strong></span> <span class='ocrx_word' id='word_1_254' title='bbox 539 3349 548 3380; x_wconf 98' lang='lat'><strong>,</strong></span> <span class='ocrx_word' id='word_1_255' title='bbox 563 3301 721 3377; x_wconf 82' lang='lat' dir='ltr'><strong>illudque</strong></span> <span class='ocrx_word' id='word_1_256' title='bbox 756 3294 856 3387; x_wconf 78' lang='lat' dir='ltr'><strong>semel</strong></span> <span class='ocrx_word' id='word_1_257' title='bbox 871 3298 988 3355; x_wconf 90' lang='lat' dir='ltr'><strong>saneti-</strong></span> 
     </span>
     <span class='ocr_line' id='line_1_41' title="bbox 200 3373 987 3463; baseline -0.044 2"><span class='ocrx_word' id='word_1_258' title='bbox 200 3400 330 3463; x_wconf 81' lang='lat' dir='ltr'><strong>beatum</strong></span> <span class='ocrx_word' id='word_1_259' title='bbox 343 3398 391 3457; x_wconf 90' lang='grc' dir='ltr'><strong>ιιι</strong></span> <span class='ocrx_word' id='word_1_260' title='bbox 401 3387 551 3457; x_wconf 81' lang='lat' dir='ltr'><strong>Domino,</strong></span> <span class='ocrx_word' id='word_1_261' title='bbox 568 3398 634 3443; x_wconf 89' lang='lat' dir='ltr'><strong>uon</strong></span> <span class='ocrx_word' id='word_1_262' title='bbox 648 3377 753 3456; x_wconf 90' lang='lat' dir='ltr'><strong>potest</strong></span> <span class='ocrx_word' id='word_1_263' title='bbox 765 3392 798 3433; x_wconf 93' lang='lat' dir='ltr'><strong>in</strong></span> <span class='ocrx_word' id='word_1_264' title='bbox 812 3373 893 3435; x_wconf 92' lang='lat' dir='ltr'><strong>alios</strong></span> <span class='ocrx_word' id='word_1_265' title='bbox 904 3388 987 3463; x_wconf 36' lang='lat' dir='ltr'><strong>‚usus</strong></span> 
     </span>
     <span class='ocr_line' id='line_1_42' title="bbox 199 3452 986 3589; baseline -0.044 -46"><span class='ocrx_word' id='word_1_266' title='bbox 199 3470 485 3543; x_wconf 73' lang='lat' dir='ltr'><strong>commutabiles</strong></span> <span class='ocrx_word' id='word_1_267' title='bbox 502 3466 610 3526; x_wconf 88' lang='lat' dir='ltr'><strong>autem</strong></span> <span class='ocrx_word' id='word_1_268' title='bbox 631 3457 736 3535; x_wconf 90' lang='lat' dir='ltr'><strong>potest</strong></span> <span class='ocrx_word' id='word_1_269' title='bbox 748 3452 853 3513; x_wconf 85' lang='lat' dir='ltr'><strong>lacere</strong></span> <span class='ocrx_word' id='word_1_270' title='bbox 868 3452 986 3589; x_wconf 52' lang='grc' dir='ltr'>ιιιὲἑιὲι</span> 
     </span>
     <span class='ocr_line' id='line_1_43' title="bbox 200 3605 988 3709; baseline -0.046 -9"><span class='ocrx_word' id='word_1_271' title='bbox 200 3642 278 3709; x_wconf 92' lang='lat' dir='ltr'><strong>tum,</strong></span> <span class='ocrx_word' id='word_1_272' title='bbox 304 3623 589 3695; x_wconf 84' lang='lat' dir='ltr'><strong>sanctificationem</strong></span> <span class='ocrx_word' id='word_1_273' title='bbox 607 3613 745 3702; x_wconf 75' lang='lat' dir='ltr'><strong>amittat,</strong></span> <span class='ocrx_word' id='word_1_274' title='bbox 764 3607 861 3671; x_wconf 90' lang='lat' dir='ltr'><strong>etiam</strong></span> <span class='ocrx_word' id='word_1_275' title='bbox 882 3605 916 3666; x_wconf 90' lang='lat' dir='ltr'><strong>iu</strong></span> <span class='ocrx_word' id='word_1_276' title='bbox 937 3623 988 3665; x_wconf 89' lang='lat' dir='ltr'><strong>re·</strong></span> 
     </span>
     <span class='ocr_line' id='line_1_44' title="bbox 200 3685 987 3783; baseline -0.043 -4"><span class='ocrx_word' id='word_1_277' title='bbox 200 3716 260 3777; x_wconf 86' lang='lat' dir='ltr'><strong>biis</strong></span> <span class='ocrx_word' id='word_1_278' title='bbox 274 3705 477 3775; x_wconf 70' lang='lat' dir='ltr'><strong>inanimatiss</strong></span> <span class='ocrx_word' id='word_1_279' title='bbox 489 3694 567 3779; x_wconf 76' lang='lat' dir='ltr'><strong>puta</strong></span> <span class='ocrx_word' id='word_1_280' title='bbox 579 3692 666 3772; x_wconf 90' lang='lat' dir='ltr'><strong>qudd</strong></span> <span class='ocrx_word' id='word_1_281' title='bbox 680 3690 765 3783; x_wconf 76' lang='lat' dir='ltr'><strong>calix</strong></span> <span class='ocrx_word' id='word_1_282' title='bbox 781 3685 987 3777; x_wconf 78' lang='lat' dir='ltr'><strong>consecratus</strong></span> 
     </span>
     <span class='ocr_line' id='line_1_45' title="bbox 200 3765 987 3855; baseline -0.044 1"><span class='ocrx_word' id='word_1_283' title='bbox 200 3793 326 3855; x_wconf 91' lang='lat' dir='ltr'><strong>desinat</strong></span> <span class='ocrx_word' id='word_1_284' title='bbox 344 3802 416 3849; x_wconf 91' lang='lat' dir='ltr'><strong>esse</strong></span> <span class='ocrx_word' id='word_1_285' title='bbox 432 3779 652 3844; x_wconf 88' lang='lat' dir='ltr'><strong>consecratus,</strong></span> <span class='ocrx_word' id='word_1_286' title='bbox 666 3787 694 3831; x_wconf 90' lang='lat' dir='ltr'><strong>si</strong></span> <span class='ocrx_word' id='word_1_287' title='bbox 708 3769 839 3827; x_wconf 89' lang='lat' dir='ltr'><strong>maneat</strong></span> <span class='ocrx_word' id='word_1_288' title='bbox 852 3765 987 3855; x_wconf 72' lang='lat' dir='ltr'><strong>integer.</strong></span> 
     </span>
     <span class='ocr_line' id='line_1_46' title="bbox 200 3840 989 3933; baseline -0.043 1"><span class='ocrx_word' id='word_1_289' title='bbox 200 3871 288 3933; x_wconf 88' lang='lat' dir='ltr'><strong>Unde</strong></span> <span class='ocrx_word' id='word_1_290' title='bbox 304 3861 405 3927; x_wconf 89' lang='lat' dir='ltr'><strong>multd</strong></span> <span class='ocrx_word' id='word_1_291' title='bbox 423 3852 532 3920; x_wconf 81' lang='lat' dir='ltr'><strong>minus</strong></span> <span class='ocrx_word' id='word_1_292' title='bbox 548 3853 653 3931; x_wconf 89' lang='lat' dir='ltr'><strong>potest</strong></span> <span class='ocrx_word' id='word_1_293' title='bbox 673 3848 734 3908; x_wconf 92' lang='lat' dir='ltr'><strong>boc</strong></span> <span class='ocrx_word' id='word_1_294' title='bbox 750 3843 855 3905; x_wconf 86' lang='lat' dir='ltr'><strong>iacere</strong></span> <span class='ocrx_word' id='word_1_295' title='bbox 871 3840 989 3931; x_wconf 74' lang='lat' dir='ltr'><strong>aliquis</strong></span> 
     </span>
     <span class='ocr_line' id='line_1_47' title="bbox 201 3917 990 4028; baseline -0.041 -17"><span class='ocrx_word' id='word_1_296' title='bbox 201 3948 350 4028; x_wconf 77' lang='lat' dir='ltr'><strong>praelatus</strong></span> <span class='ocrx_word' id='word_1_297' title='bbox 365 3944 403 4001; x_wconf 89' lang='lat' dir='ltr'><strong>ut</strong></span> <span class='ocrx_word' id='word_1_298' title='bbox 413 3938 509 3999; x_wconf 89' lang='lat' dir='ltr'><strong>homo</strong></span> <span class='ocrx_word' id='word_1_299' title='bbox 521 3934 587 3993; x_wconf 84' lang='lat' dir='ltr'><strong>Deo</strong></span> <span class='ocrx_word' id='word_1_300' title='bbox 603 3926 821 3993; x_wconf 87' lang='lat' dir='ltr'><strong>consecratus,</strong></span> <span class='ocrx_word' id='word_1_301' title='bbox 858 3917 990 4011; x_wconf 77' lang='lat' dir='ltr'><strong>uamdiu</strong></span> 
     </span>
     <span class='ocr_line' id='line_1_48' title="bbox 201 3998 989 4097; baseline -0.039 -7"><span class='ocrx_word' id='word_1_302' title='bbox 201 4026 291 4097; x_wconf 89' lang='lat' dir='ltr'><strong>vivit,</strong></span> <span class='ocrx_word' id='word_1_303' title='bbox 314 4018 519 4085; x_wconf 88' lang='lat' dir='ltr'><strong>consecratus</strong></span> <span class='ocrx_word' id='word_1_304' title='bbox 542 4024 613 4071; x_wconf 87' lang='lat' dir='ltr'><strong>esse</strong></span> <span class='ocrx_word' id='word_1_305' title='bbox 636 4003 779 4065; x_wconf 87' lang='lat' dir='ltr'><strong>desistat.</strong></span> <span class='ocrx_word' id='word_1_306' title='bbox 800 3998 841 4059; x_wconf 91' lang='lat' dir='ltr'><strong>So</strong></span> <span class='ocrx_word' id='word_1_307' title='bbox 872 4000 989 4089; x_wconf 78' lang='lat' dir='ltr'><strong>miiitas</strong></span> 
     </span>
     <span class='ocr_line' id='line_1_49' title="bbox 202 4080 988 4173; baseline -0.043 -5"><span class='ocrx_word' id='word_1_308' title='bbox 202 4108 308 4168; x_wconf 89' lang='lat' dir='ltr'><strong>autem</strong></span> <span class='ocrx_word' id='word_1_309' title='bbox 320 4098 384 4163; x_wconf 93' lang='lat' dir='ltr'><strong>voti</strong></span> <span class='ocrx_word' id='word_1_310' title='bbox 394 4088 580 4157; x_wconf 91' lang='lat' dir='ltr'><strong>consistitiu</strong></span> <span class='ocrx_word' id='word_1_311' title='bbox 590 4082 728 4163; x_wconf 81' lang='lat' dir='ltr'><strong>quadam</strong></span> <span class='ocrx_word' id='word_1_312' title='bbox 736 4080 988 4173; x_wconf 77' lang='lat' dir='ltr'><strong>consecratione,</strong></span> 
     </span>
     <span class='ocr_line' id='line_1_50' title="bbox 202 4154 990 4247; baseline -0.044 0"><span class='ocrx_word' id='word_1_313' title='bbox 202 4200 262 4247; x_wconf 89' lang='lat' dir='ltr'><strong>seii</strong></span> <span class='ocrx_word' id='word_1_314' title='bbox 272 4175 493 4244; x_wconf 89' lang='lat' dir='ltr'><strong>benedictione</strong></span> <span class='ocrx_word' id='word_1_315' title='bbox 502 4163 658 4235; x_wconf 89' lang='lat' dir='ltr'><strong>voventis,</strong></span> <span class='ocrx_word' id='word_1_316' title='bbox 671 4159 832 4221; x_wconf 89' lang='lat' dir='ltr'><strong>ntdictum</strong></span> <span class='ocrx_word' id='word_1_317' title='bbox 840 4156 889 4216; x_wconf 91' lang='lat' dir='ltr'><strong>est</strong></span> <span class='ocrx_word' id='word_1_318' title='bbox 898 4158 957 4216; x_wconf 91' lang='lat' dir='ltr'><strong>art.</strong></span> <span class='ocrx_word' id='word_1_319' title='bbox 970 4154 990 4213; x_wconf 82' lang='lat' dir='ltr'><strong>&#39;l</strong></span> 
     </span>
    </p>
   </div>
   <div class='ocr_carea' id='block_1_9' title="bbox 202 4232 992 4959">
    <p class='ocr_par' dir='ltr' id='par_1_9' title="bbox 202 4232 992 4959">
     <span class='ocr_line' id='line_1_51' title="bbox 202 4232 990 4343; baseline -0.039 -19"><span class='ocrx_word' id='word_1_320' title='bbox 202 4261 269 4343; x_wconf 82' lang='lat' dir='ltr'><strong>buj.</strong></span> <span class='ocrx_word' id='word_1_321' title='bbox 283 4277 339 4339; x_wconf 90' lang='lat' dir='ltr'><strong>qu.</strong></span> <span class='ocrx_word' id='word_1_322' title='bbox 354 4256 394 4317; x_wconf 88' lang='lat' dir='ltr'><strong>Et</strong></span> <span class='ocrx_word' id='word_1_323' title='bbox 405 4248 476 4315; x_wconf 85' lang='lat' dir='ltr'><strong>ideo</strong></span> <span class='ocrx_word' id='word_1_324' title='bbox 488 4264 553 4312; x_wconf 81' lang='lat' dir='ltr'><strong>non</strong></span> <span class='ocrx_word' id='word_1_325' title='bbox 571 4244 676 4333; x_wconf 81' lang='lat' dir='ltr'><strong>potest</strong></span> <span class='ocrx_word' id='word_1_326' title='bbox 690 4236 759 4300; x_wconf 88' lang='lat' dir='ltr'><strong>lieri</strong></span> <span class='ocrx_word' id='word_1_327' title='bbox 774 4252 833 4327; x_wconf 89' lang='lat' dir='ltr'><strong>per</strong></span> <span class='ocrx_word' id='word_1_328' title='bbox 849 4232 990 4310; x_wconf 88' lang='lat' dir='ltr'><strong>aliquem</strong></span> 
     </span>
     <span class='ocr_line' id='line_1_52' title="bbox 222 4315 992 4403; baseline -0.047 1"><span class='ocrx_word' id='word_1_329' title='bbox 222 4341 369 4403; x_wconf 75' lang='lat' dir='ltr'><strong>relatum</strong></span> <span class='ocrx_word' id='word_1_330' title='bbox 387 4327 538 4393; x_wconf 77' lang='lat' dir='ltr'><strong>Ecclesia</strong></span> <span class='ocrx_word' id='word_1_331' title='bbox 552 4320 638 4401; x_wconf 89' lang='lat' dir='ltr'><strong>qudd</strong></span> <span class='ocrx_word' id='word_1_332' title='bbox 658 4318 711 4379; x_wconf 88' lang='lat' dir='ltr'><strong>ille</strong></span> <span class='ocrx_word' id='word_1_333' title='bbox 731 4332 787 4393; x_wconf 94' lang='lat' dir='ltr'><strong>qui</strong></span> <span class='ocrx_word' id='word_1_334' title='bbox 804 4315 913 4374; x_wconf 89' lang='lat' dir='ltr'><strong>votum</strong></span> <span class='ocrx_word' id='word_1_335' title='bbox 931 4329 992 4371; x_wconf 88' lang='lat' dir='ltr'><strong>so-</strong></span> 
     </span>
     <span class='ocr_line' id='line_1_53' title="bbox 202 4360 991 4482; baseline -0.043 0"><span class='ocrx_word' id='word_1_336' title='bbox 202 4360 307 4482; x_wconf 53' lang='lat' dir='ltr'><strong>Femno</strong></span> <span class='ocrx_word' id='word_1_337' title='bbox 321 4411 437 4481; x_wconf 88' lang='lat' dir='ltr'><strong>emisit,</strong></span> <span class='ocrx_word' id='word_1_338' title='bbox 452 4406 584 4469; x_wconf 86' lang='lat' dir='ltr'><strong>desistat</strong></span> <span class='ocrx_word' id='word_1_339' title='bbox 599 4400 641 4461; x_wconf 91' lang='lat' dir='ltr'><strong>ab</strong></span> <span class='ocrx_word' id='word_1_340' title='bbox 650 4413 689 4457; x_wconf 92' lang='lat' dir='ltr'><strong>eo</strong></span> <span class='ocrx_word' id='word_1_341' title='bbox 700 4394 741 4456; x_wconf 90' lang='lat' dir='ltr'><strong>ad</strong></span> <span class='ocrx_word' id='word_1_342' title='bbox 751 4390 837 4471; x_wconf 91' lang='lat' dir='ltr'><strong>quod</strong></span> <span class='ocrx_word' id='word_1_343' title='bbox 853 4392 901 4451; x_wconf 90' lang='lat' dir='ltr'><strong>est</strong></span> <span class='ocrx_word' id='word_1_344' title='bbox 914 4406 991 4451; x_wconf 94' lang='lat' dir='ltr'><strong>cou-</strong></span> 
     </span>
     <span class='ocr_line' id='line_1_54' title="bbox 202 4468 990 4568; baseline -0.043 -8"><span class='ocrx_word' id='word_1_345' title='bbox 202 4499 357 4563; x_wconf 89' lang='lat' dir='ltr'><strong>secralus,</strong></span> <span class='ocrx_word' id='word_1_346' title='bbox 371 4484 450 4568; x_wconf 85' lang='lat' dir='ltr'><strong>putd</strong></span> <span class='ocrx_word' id='word_1_347' title='bbox 459 4481 544 4562; x_wconf 91' lang='lat' dir='ltr'><strong>qudd</strong></span> <span class='ocrx_word' id='word_1_348' title='bbox 553 4480 607 4541; x_wconf 93' lang='lat' dir='ltr'><strong>ille</strong></span> <span class='ocrx_word' id='word_1_349' title='bbox 617 4476 674 4555; x_wconf 89' lang='lat' dir='ltr'><strong>qui</strong></span> <span class='ocrx_word' id='word_1_350' title='bbox 688 4476 737 4535; x_wconf 89' lang='lat' dir='ltr'><strong>est</strong></span> <span class='ocrx_word' id='word_1_351' title='bbox 750 4468 910 4560; x_wconf 77' lang='lat' dir='ltr'><strong>sacerdos,</strong></span> <span class='ocrx_word' id='word_1_352' title='bbox 925 4484 990 4529; x_wconf 92' lang='lat' dir='ltr'><strong>non</strong></span> 
     </span>
     <span class='ocr_line' id='line_1_55' title="bbox 202 4546 991 4645; baseline -0.039 -8"><span class='ocrx_word' id='word_1_353' title='bbox 202 4576 243 4637; x_wconf 93' lang='lat' dir='ltr'><strong>sit</strong></span> <span class='ocrx_word' id='word_1_354' title='bbox 258 4569 424 4639; x_wconf 80' lang='lat' dir='ltr'><strong>sacerdos3</strong></span> <span class='ocrx_word' id='word_1_355' title='bbox 441 4561 513 4625; x_wconf 83' lang='lat' dir='ltr'><strong>licei</strong></span> <span class='ocrx_word' id='word_1_356' title='bbox 524 4556 625 4637; x_wconf 92' lang='lat' dir='ltr'><strong>possit</strong></span> <span class='ocrx_word' id='word_1_357' title='bbox 635 4552 786 4645; x_wconf 71' lang='lat' dir='ltr'><strong>prelatus</strong></span> <span class='ocrx_word' id='word_1_358' title='bbox 796 4548 837 4609; x_wconf 92' lang='lat' dir='ltr'><strong>ob</strong></span> <span class='ocrx_word' id='word_1_359' title='bbox 847 4546 991 4637; x_wconf 81' lang='lat' dir='ltr'><strong>aliquam</strong></span> 
     </span>
     <span class='ocr_line' id='line_1_56' title="bbox 202 4624 992 4717; baseline -0.043 -1"><span class='ocrx_word' id='word_1_360' title='bbox 202 4666 333 4716; x_wconf 89' lang='lat' dir='ltr'><strong>causam</strong></span> <span class='ocrx_word' id='word_1_361' title='bbox 346 4641 567 4707; x_wconf 82' lang='lat' dir='ltr'><strong>executionem</strong></span> <span class='ocrx_word' id='word_1_362' title='bbox 580 4633 701 4696; x_wconf 89' lang='lat' dir='ltr'><strong>ordinis</strong></span> <span class='ocrx_word' id='word_1_363' title='bbox 716 4628 871 4690; x_wconf 88' lang='lat' dir='ltr'><strong>inhibere.</strong></span> <span class='ocrx_word' id='word_1_364' title='bbox 888 4624 928 4686; x_wconf 91' lang='lat' dir='ltr'><strong>Et</strong></span> <span class='ocrx_word' id='word_1_365' title='bbox 939 4642 992 4717; x_wconf 74' lang='grc' dir='ltr'><strong>ιι-</strong></span> 
     </span>
     <span class='ocr_line' id='line_1_57' title="bbox 203 4702 991 4797; baseline -0.038 -4"><span class='ocrx_word' id='word_1_366' title='bbox 203 4731 271 4794; x_wconf 94' lang='lat' dir='ltr'><strong>mili</strong></span> <span class='ocrx_word' id='word_1_367' title='bbox 288 4727 413 4788; x_wconf 91' lang='lat' dir='ltr'><strong>ratione</strong></span> <span class='ocrx_word' id='word_1_368' title='bbox 428 4722 515 4797; x_wconf 88' lang='lat' dir='ltr'><strong>Papa</strong></span> <span class='ocrx_word' id='word_1_369' title='bbox 526 4730 591 4776; x_wconf 91' lang='lat' dir='ltr'><strong>uon</strong></span> <span class='ocrx_word' id='word_1_370' title='bbox 605 4712 711 4791; x_wconf 89' lang='lat' dir='ltr'><strong>potest</strong></span> <span class='ocrx_word' id='word_1_371' title='bbox 722 4702 923 4797; x_wconf 78' lang='lat' dir='ltr'><strong>laceroqudd</strong></span> <span class='ocrx_word' id='word_1_372' title='bbox 938 4702 991 4795; x_wconf 76' lang='lat' dir='ltr'><strong>illo</strong></span> 
     </span>
     <span class='ocr_line' id='line_1_58' title="bbox 203 4782 992 4959; baseline -0.062 -8"><span class='ocrx_word' id='word_1_373' title='bbox 203 4808 260 4951; x_wconf 73' lang='lat' dir='ltr'><strong>lli</strong></span> <span class='ocrx_word' id='word_1_374' title='bbox 275 4810 323 4946; x_wconf 71' lang='lat' dir='ltr'><strong>t</strong></span> <span class='ocrx_word' id='word_1_375' title='bbox 353 4782 992 4959; x_wconf 63' lang='lat' dir='ltr'><strong>dldlttitdtllbtllclstlat:</strong></span> 
     </span>
    </p>
   </div>
   <div class='ocr_carea' id='block_1_10' title="bbox 203 4962 991 5119">
    <p class='ocr_par' dir='ltr' id='par_1_10' title="bbox 203 4962 991 5119">
     <span class='ocr_line' id='line_1_59' title="bbox 203 4962 909 5034; baseline -0.047 -5"><span class='ocrx_word' id='word_1_376' title='bbox 203 4968 288 5029; x_wconf 90' lang='lat' dir='ltr'><strong>rium</strong></span> <span class='ocrx_word' id='word_1_377' title='bbox 313 4962 430 5025; x_wconf 89' lang='lat' dir='ltr'><strong>dicant.</strong></span> <span class='ocrx_word' id='word_1_378' title='bbox 757 5018 764 5034; x_wconf 28' lang='grc' dir='ltr'>ἱ</span> <span class='ocrx_word' id='word_1_379' title='bbox 903 5016 909 5029; x_wconf 36' lang='grc' dir='ltr'>Ι</span> 
     </span>
     <span class='ocr_line' id='line_1_60' title="bbox 242 5022 991 5119; baseline -0.045 -13"><span class='ocrx_word' id='word_1_380' title='bbox 242 5045 299 5105; x_wconf 87' lang='grc' dir='ltr'><strong>Ειι</strong></span> <span class='ocrx_word' id='word_1_381' title='bbox 317 5055 394 5119; x_wconf 77' lang='lat' dir='ltr'><strong>ergo</strong></span> <span class='ocrx_word' id='word_1_382' title='bbox 414 5026 680 5098; x_wconf 89' lang='lat' dir='ltr'><strong>considerandum</strong></span> <span class='ocrx_word' id='word_1_383' title='bbox 697 5027 806 5082; x_wconf 90' lang='lat' dir='ltr'><strong>utrum</strong></span> <span class='ocrx_word' id='word_1_384' title='bbox 826 5022 991 5079; x_wconf 89' lang='lat' dir='ltr'><strong>contineu-</strong></span> 
     </span>
    </p>
   </div>
   <div class='ocr_carea' id='block_1_11' title="bbox 203 5093 992 5270">
    <p class='ocr_par' dir='ltr' id='par_1_11' title="bbox 203 5093 992 5270">
     <span class='ocr_line' id='line_1_61' title="bbox 203 5093 991 5191; baseline -0.044 -6"><span class='ocrx_word' id='word_1_385' title='bbox 203 5126 249 5187; x_wconf 92' lang='lat' dir='ltr'><strong>tia</strong></span> <span class='ocrx_word' id='word_1_386' title='bbox 263 5124 304 5185; x_wconf 92' lang='grc' dir='ltr'><strong>ιιι</strong></span> <span class='ocrx_word' id='word_1_387' title='bbox 318 5113 531 5181; x_wconf 87' lang='lat' dir='ltr'><strong>essentialiter</strong></span> <span class='ocrx_word' id='word_1_388' title='bbox 543 5120 673 5170; x_wconf 80' lang='lat' dir='ltr'><strong>annexa</strong></span> <span class='ocrx_word' id='word_1_389' title='bbox 682 5101 711 5162; x_wconf 90' lang='grc' dir='ltr'><strong>ιι</strong></span> <span class='ocrx_word' id='word_1_390' title='bbox 726 5098 766 5191; x_wconf 77' lang='lat' dir='ltr'><strong>ad</strong></span> <span class='ocrx_word' id='word_1_391' title='bbox 779 5093 865 5174; x_wconf 88' lang='lat' dir='ltr'><strong>qnod</strong></span> <span class='ocrx_word' id='word_1_392' title='bbox 880 5097 991 5186; x_wconf 77' lang='lat' dir='ltr'><strong>votum</strong></span> 
     </span>
     <span class='ocr_line' id='line_1_62' title="bbox 204 5172 992 5270; baseline -0.044 -4"><span class='ocrx_word' id='word_1_393' title='bbox 204 5200 446 5267; x_wconf 86' lang='lat' dir='ltr'><strong>solemnizatur,</strong></span> <span class='ocrx_word' id='word_1_394' title='bbox 464 5186 583 5270; x_wconf 82' lang='lat' dir='ltr'><strong>quiesi</strong></span> <span class='ocrx_word' id='word_1_395' title='bbox 598 5198 663 5243; x_wconf 90' lang='lat' dir='ltr'><strong>uon</strong></span> <span class='ocrx_word' id='word_1_396' title='bbox 675 5181 724 5241; x_wconf 92' lang='lat' dir='ltr'><strong>est</strong></span> <span class='ocrx_word' id='word_1_397' title='bbox 737 5195 766 5238; x_wconf 92' lang='lat' dir='ltr'><strong>ei</strong></span> <span class='ocrx_word' id='word_1_398' title='bbox 777 5172 992 5237; x_wconf 75' lang='lat' dir='ltr'><strong>essentialiter</strong></span> 
     </span>
    </p>
   </div>
   <div class='ocr_carea' id='block_1_12' title="bbox 204 5256 991 5355">
    <p class='ocr_par' dir='ltr' id='par_1_12' title="bbox 204 5256 991 5355">
     <span class='ocr_line' id='line_1_63' title="bbox 204 5256 991 5355; baseline -0.047 -8"><span class='ocrx_word' id='word_1_399' title='bbox 204 5295 345 5350; x_wconf 84' lang='lat' dir='ltr'><strong>annexa,</strong></span> <span class='ocrx_word' id='word_1_400' title='bbox 358 5277 463 5355; x_wconf 91' lang='lat' dir='ltr'><strong>potest</strong></span> <span class='ocrx_word' id='word_1_401' title='bbox 476 5282 607 5331; x_wconf 88' lang='lat' dir='ltr'><strong>manere</strong></span> <span class='ocrx_word' id='word_1_402' title='bbox 622 5256 807 5323; x_wconf 92' lang='lat' dir='ltr'><strong>solemnitas</strong></span> <span class='ocrx_word' id='word_1_403' title='bbox 822 5266 991 5313; x_wconf 89' lang='lat' dir='ltr'><strong>eonsecra-</strong></span> 
     </span>
    </p>
   </div>
   <div class='ocr_carea' id='block_1_13' title="bbox 204 5329 1279 5423">
    <p class='ocr_par' dir='ltr' id='par_1_13' title="bbox 204 5329 1279 5423">
     <span class='ocr_line' id='line_1_64' title="bbox 204 5329 1279 5423; baseline -0.042 0"><span class='ocrx_word' id='word_1_404' title='bbox 204 5360 300 5423; x_wconf 91' lang='lat' dir='ltr'><strong>tionis</strong></span> <span class='ocrx_word' id='word_1_405' title='bbox 316 5358 385 5419; x_wconf 91' lang='lat' dir='ltr'><strong>sine</strong></span> <span class='ocrx_word' id='word_1_406' title='bbox 394 5352 501 5414; x_wconf 91' lang='lat' dir='ltr'><strong>debito</strong></span> <span class='ocrx_word' id='word_1_407' title='bbox 514 5337 717 5409; x_wconf 79' lang='lat' dir='ltr'><strong>continentia</strong></span> <span class='ocrx_word' id='word_1_408' title='bbox 731 5354 739 5392; x_wconf 75' lang='grc' dir='ltr'><strong><em>ε</em></strong></span> <span class='ocrx_word' id='word_1_409' title='bbox 755 5329 841 5410; x_wconf 91' lang='lat' dir='ltr'><strong>quod</strong></span> <span class='ocrx_word' id='word_1_410' title='bbox 854 5344 919 5389; x_wconf 90' lang='lat' dir='ltr'><strong>uon</strong></span> <span class='ocrx_word' id='word_1_411' title='bbox 934 5343 991 5405; x_wconf 93' lang='lat' dir='ltr'><strong>po·</strong></span> <span class='ocrx_word' id='word_1_412' title='bbox 1041 5338 1124 5418; x_wconf 53' lang='lat' dir='ltr'><strong>jug„</strong></span> <span class='ocrx_word' id='word_1_413' title='bbox 1141 5355 1212 5416; x_wconf 56' lang='lat'><strong>039,</strong></span> <span class='ocrx_word' id='word_1_414' title='bbox 1229 5338 1279 5399; x_wconf 49' lang='lat'><strong>21,</strong></span> 
     </span>
    </p>
   </div>
   <div class='ocr_carea' id='block_1_14' title="bbox 631 275 1383 337">
    <p class='ocr_par' dir='ltr' id='par_1_14' title="bbox 631 275 1383 337">
     <span class='ocr_line' id='line_1_65' title="bbox 631 275 1383 337; baseline -0.008 0"><span class='ocrx_word' id='word_1_415' title='bbox 631 277 764 337; x_wconf 68' lang='lat' dir='ltr'><strong>stillata</strong></span> <span class='ocrx_word' id='word_1_416' title='bbox 784 276 1010 336; x_wconf 76' lang='lat' dir='ltr'><strong>TllEOLOGlGAE</strong></span> <span class='ocrx_word' id='word_1_417' title='bbox 1029 277 1185 336; x_wconf 71' lang='lat' dir='ltr'><strong>SECUNDA</strong></span> <span class='ocrx_word' id='word_1_418' title='bbox 1202 275 1383 336; x_wconf 62' lang='lat' dir='ltr'><strong>molina.</strong></span> 
     </span>
    </p>
   </div>
   <div class='ocr_carea' id='block_1_15' title="bbox 1773 281 1824 340">
    <p class='ocr_par' dir='ltr' id='par_1_15' title="bbox 1773 281 1824 340">
     <span class='ocr_line' id='line_1_66' title="bbox 1773 281 1824 340; baseline -0.098 1"><span class='ocrx_word' id='word_1_419' title='bbox 1773 281 1824 340; x_wconf 76' lang='lat' dir='ltr'><strong>tal</strong></span> 
     </span>
    </p>
   </div>
   <div class='ocr_carea' id='block_1_16' title="bbox 1035 391 1826 2826">
    <p class='ocr_par' dir='ltr' id='par_1_16' title="bbox 1035 391 1826 1728">
     <span class='ocr_line' id='line_1_67' title="bbox 1036 391 1824 472; baseline 0.006 -20"><span class='ocrx_word' id='word_1_420' title='bbox 1036 391 1217 472; x_wconf 83' lang='lat' dir='ltr'><strong>dispensari</strong></span> <span class='ocrx_word' id='word_1_421' title='bbox 1239 393 1362 455; x_wconf 90' lang='lat' dir='ltr'><strong>invoto</strong></span> <span class='ocrx_word' id='word_1_422' title='bbox 1384 391 1593 456; x_wconf 81' lang='lat' dir='ltr'><strong>continentias</strong></span> <span class='ocrx_word' id='word_1_423' title='bbox 1610 395 1824 458; x_wconf 81' lang='lat' dir='ltr'><strong>sidemniaato</strong></span> 
     </span>
     <span class='ocr_line' id='line_1_68' title="bbox 1036 472 1824 568; baseline 0.005 -36"><span class='ocrx_word' id='word_1_424' title='bbox 1036 472 1353 564; x_wconf 27' lang='lat' dir='ltr'><strong>perususccptionem</strong></span> <span class='ocrx_word' id='word_1_425' title='bbox 1372 472 1461 564; x_wconf 33' lang='lat' dir='ltr'><strong>&#39;sacri</strong></span> <span class='ocrx_word' id='word_1_426' title='bbox 1483 472 1603 566; x_wconf 80' lang='lat' dir='ltr'><strong>ordinis</strong></span> <span class='ocrx_word' id='word_1_427' title='bbox 1639 473 1697 534; x_wconf 88' lang='lat' dir='ltr'><strong>Est</strong></span> <span class='ocrx_word' id='word_1_428' title='bbox 1716 485 1824 568; x_wconf 77' lang='lat' dir='ltr'><strong>autem</strong></span> 
     </span>
     <span class='ocr_line' id='line_1_69' title="bbox 1035 551 1825 720; baseline 0.025 -31"><span class='ocrx_word' id='word_1_429' title='bbox 1035 551 1825 720; x_wconf 53' lang='lat' dir='ltr'><strong>tillidi,§stt{tlibttctllsdlbtlb</strong></span> 
     </span>
     <span class='ocr_line' id='line_1_70' title="bbox 1037 707 1824 798; baseline 0.01 -32"><span class='ocrx_word' id='word_1_430' title='bbox 1037 707 1247 798; x_wconf 29' lang='lat' dir='ltr'><strong>totaliternliei</strong></span> <span class='ocrx_word' id='word_1_431' title='bbox 1260 711 1391 768; x_wconf 89' lang='lat' dir='ltr'><strong>servitio</strong></span> <span class='ocrx_word' id='word_1_432' title='bbox 1407 708 1608 785; x_wconf 88' lang='lat' dir='ltr'><strong>mancipatus</strong></span> <span class='ocrx_word' id='word_1_433' title='bbox 1624 728 1632 768; x_wconf 94' lang='lat'><strong>:</strong></span> <span class='ocrx_word' id='word_1_434' title='bbox 1657 709 1744 788; x_wconf 91' lang='lat' dir='ltr'><strong>quod</strong></span> <span class='ocrx_word' id='word_1_435' title='bbox 1759 727 1824 774; x_wconf 75' lang='lat' dir='ltr'><strong>non</strong></span> 
     </span>
     <span class='ocr_line' id='line_1_71' title="bbox 1037 785 1824 878; baseline 0.005 -31"><span class='ocrx_word' id='word_1_436' title='bbox 1037 790 1143 878; x_wconf 86' lang='lat' dir='ltr'><strong>potest</strong></span> <span class='ocrx_word' id='word_1_437' title='bbox 1157 785 1255 846; x_wconf 88' lang='lat' dir='ltr'><strong>simul</strong></span> <span class='ocrx_word' id='word_1_438' title='bbox 1268 788 1355 848; x_wconf 79' lang='lat' dir='ltr'><strong>stare</strong></span> <span class='ocrx_word' id='word_1_439' title='bbox 1368 803 1443 856; x_wconf 82' lang='lat' dir='ltr'><strong>cum</strong></span> <span class='ocrx_word' id='word_1_440' title='bbox 1462 787 1679 862; x_wconf 90' lang='lat' dir='ltr'><strong>matrimonio,</strong></span> <span class='ocrx_word' id='word_1_441' title='bbox 1705 788 1740 850; x_wconf 93' lang='lat' dir='ltr'><strong>iu</strong></span> <span class='ocrx_word' id='word_1_442' title='bbox 1756 807 1824 867; x_wconf 93' lang='lat' dir='ltr'><strong>quo</strong></span> 
     </span>
     <span class='ocr_line' id='line_1_72' title="bbox 1036 863 1826 942; baseline 0.008 -18"><span class='ocrx_word' id='word_1_443' title='bbox 1036 864 1192 924; x_wconf 78' lang='lat' dir='ltr'><strong>incumbit</strong></span> <span class='ocrx_word' id='word_1_444' title='bbox 1216 863 1389 925; x_wconf 84' lang='lat' dir='ltr'><strong>necessitas</strong></span> <span class='ocrx_word' id='word_1_445' title='bbox 1411 864 1623 942; x_wconf 81' lang='lat' dir='ltr'><strong>procurandas</strong></span> <span class='ocrx_word' id='word_1_446' title='bbox 1643 868 1770 940; x_wconf 83' lang='lat' dir='ltr'><strong>uxoris,</strong></span> <span class='ocrx_word' id='word_1_447' title='bbox 1792 875 1826 930; x_wconf 85' lang='grc' dir='ltr'><strong>ιι</strong></span> 
     </span>
     <span class='ocr_line' id='line_1_73' title="bbox 1036 939 1826 1023; baseline -0.001 -20"><span class='ocrx_word' id='word_1_448' title='bbox 1036 943 1147 1022; x_wconf 92' lang='lat' dir='ltr'><strong>prolis,</strong></span> <span class='ocrx_word' id='word_1_449' title='bbox 1161 948 1191 1002; x_wconf 86' lang='lat' dir='ltr'><strong>et</strong></span> <span class='ocrx_word' id='word_1_450' title='bbox 1202 939 1340 1014; x_wconf 80' lang='lat' dir='ltr'><strong>familia,</strong></span> <span class='ocrx_word' id='word_1_451' title='bbox 1353 948 1383 1003; x_wconf 88' lang='lat' dir='ltr'><strong>et</strong></span> <span class='ocrx_word' id='word_1_452' title='bbox 1393 942 1631 1020; x_wconf 80' lang='lat' dir='ltr'><strong>rerumquasad</strong></span> <span class='ocrx_word' id='word_1_453' title='bbox 1646 945 1708 1006; x_wconf 91' lang='lat' dir='ltr'><strong>boe</strong></span> <span class='ocrx_word' id='word_1_454' title='bbox 1717 946 1826 1023; x_wconf 73' lang='lat' dir='ltr'><strong>requi·</strong></span> 
     </span>
     <span class='ocr_line' id='line_1_74' title="bbox 1036 1019 1824 1111; baseline 0.005 -30"><span class='ocrx_word' id='word_1_455' title='bbox 1036 1027 1163 1082; x_wconf 90' lang='lat' dir='ltr'><strong>ruutur.</strong></span> <span class='ocrx_word' id='word_1_456' title='bbox 1179 1019 1266 1111; x_wconf 79' lang='lat' dir='ltr'><strong>Unde</strong></span> <span class='ocrx_word' id='word_1_457' title='bbox 1280 1021 1452 1098; x_wconf 78' lang='lat' dir='ltr'><strong>Apostolus</strong></span> <span class='ocrx_word' id='word_1_458' title='bbox 1465 1021 1542 1082; x_wconf 85' lang='lat' dir='ltr'><strong>dicit</strong></span> <span class='ocrx_word' id='word_1_459' title='bbox 1556 1023 1572 1082; x_wconf 88' lang='lat'><strong>1</strong></span> <span class='ocrx_word' id='word_1_460' title='bbox 1585 1022 1625 1084; x_wconf 92' lang='lat' dir='ltr'><strong>ad</strong></span> <span class='ocrx_word' id='word_1_461' title='bbox 1635 1021 1780 1084; x_wconf 83' lang='lat' dir='ltr'><strong>Corinth.</strong></span> <span class='ocrx_word' id='word_1_462' title='bbox 1791 1023 1824 1092; x_wconf 82' lang='grc'><strong>’1.</strong></span> 
     </span>
     <span class='ocr_line' id='line_1_75' title="bbox 1035 1097 1825 1194; baseline 0.005 -34"><span class='ocrx_word' id='word_1_463' title='bbox 1035 1099 1086 1171; x_wconf 81' lang='grc'><strong>33,</strong></span> <span class='ocrx_word' id='word_1_464' title='bbox 1100 1097 1186 1177; x_wconf 87' lang='lat' dir='ltr'><strong>qudd</strong></span> <span class='ocrx_word' id='word_1_465' title='bbox 1218 1117 1253 1160; x_wconf 83' lang='lat' dir='ltr'><strong>us</strong></span> <span class='ocrx_word' id='word_1_466' title='bbox 1266 1107 1310 1158; x_wconf 85' lang='lat' dir='ltr'><strong>est</strong></span> <span class='ocrx_word' id='word_1_467' title='bbox 1326 1118 1394 1160; x_wconf 81' lang='lat' dir='ltr'><strong>cum</strong></span> <span class='ocrx_word' id='word_1_468' title='bbox 1406 1117 1517 1168; x_wconf 75' lang='lat' dir='ltr'><strong>uxore,</strong></span> <span class='ocrx_word' id='word_1_469' title='bbox 1534 1099 1690 1164; x_wconf 79' lang='lat' dir='ltr'><strong>sollicitus</strong></span> <span class='ocrx_word' id='word_1_470' title='bbox 1700 1111 1744 1162; x_wconf 81' lang='lat' dir='ltr'><strong>est</strong></span> <span class='ocrx_word' id='word_1_471' title='bbox 1758 1120 1825 1194; x_wconf 77' lang='lat' dir='ltr'><strong>qius</strong></span> 
     </span>
     <span class='ocr_line' id='line_1_76' title="bbox 1036 1117 1825 1272; baseline 0.008 -35"><span class='ocrx_word' id='word_1_472' title='bbox 1036 1187 1109 1238; x_wconf 82' lang='lat' dir='ltr'><strong>suat</strong></span> <span class='ocrx_word' id='word_1_473' title='bbox 1123 1117 1233 1238; x_wconf 55' lang='lat' dir='ltr'><strong>mandi·</strong></span> <span class='ocrx_word' id='word_1_474' title='bbox 1241 1223 1250 1245; x_wconf 90' lang='lat'><strong>,</strong></span> <span class='ocrx_word' id='word_1_475' title='bbox 1265 1177 1418 1256; x_wconf 79' lang='lat' dir='ltr'><strong>quomodo</strong></span> <span class='ocrx_word' id='word_1_476' title='bbox 1435 1179 1559 1271; x_wconf 75' lang='lat' dir='ltr'><strong>placeat</strong></span> <span class='ocrx_word' id='word_1_477' title='bbox 1569 1179 1686 1272; x_wconf 35' lang='lat' dir='ltr'><strong>uxori..</strong></span> <span class='ocrx_word' id='word_1_478' title='bbox 1695 1189 1723 1240; x_wconf 81' lang='lat' dir='ltr'><strong>ot</strong></span> <span class='ocrx_word' id='word_1_479' title='bbox 1737 1179 1825 1243; x_wconf 79' lang='lat' dir='ltr'><strong>dist·</strong></span> 
     </span>
     <span class='ocr_line' id='line_1_77' title="bbox 1036 1254 1825 1416; baseline 0.005 -20"><span class='ocrx_word' id='word_1_480' title='bbox 1036 1263 1157 1407; x_wconf 64' lang='lat' dir='ltr'><strong>s&#39;i‘aiif·</strong></span> <span class='ocrx_word' id='word_1_481' title='bbox 1173 1254 1825 1416; x_wconf 61' lang='lat' dir='ltr'><strong>libbittdllttllbtl‘t‘tb</strong></span> 
     </span>
     <span class='ocr_line' id='line_1_78' title="bbox 1036 1352 1825 1505; baseline 0.004 -29"><span class='ocrx_word' id='word_1_482' title='bbox 1036 1421 1132 1504; x_wconf 82' lang='lat' dir='ltr'><strong>ctam.</strong></span> <span class='ocrx_word' id='word_1_483' title='bbox 1155 1352 1195 1473; x_wconf 58' lang='lat' dir='ltr'><strong>ssi</strong></span> <span class='ocrx_word' id='word_1_484' title='bbox 1216 1411 1339 1504; x_wconf 72' lang='lat' dir='ltr'><strong>idedin</strong></span> <span class='ocrx_word' id='word_1_485' title='bbox 1360 1417 1435 1505; x_wconf 78' lang='lat' dir='ltr'><strong>yoto</strong></span> <span class='ocrx_word' id='word_1_486' title='bbox 1453 1412 1664 1477; x_wconf 81' lang='lat' dir='ltr'><strong>solemnizato</strong></span> <span class='ocrx_word' id='word_1_487' title='bbox 1678 1434 1737 1494; x_wconf 88' lang='lat' dir='ltr'><strong>per</strong></span> <span class='ocrx_word' id='word_1_488' title='bbox 1749 1433 1825 1494; x_wconf 90' lang='lat' dir='ltr'><strong>pro·</strong></span> 
     </span>
     <span class='ocr_line' id='line_1_79' title="bbox 1037 1489 1825 1587; baseline 0.009 -37"><span class='ocrx_word' id='word_1_489' title='bbox 1037 1489 1825 1587; x_wconf 32' lang='lat' dir='ltr'><strong>sessionemurelipiouisuoupotestperlicclosiam</strong></span> 
     </span>
     <span class='ocr_line' id='line_1_80' title="bbox 1036 1569 1822 1728; baseline 0.004 -18"><span class='ocrx_word' id='word_1_490' title='bbox 1036 1569 1540 1728; x_wconf 63' lang='lat' dir='ltr'><strong>ltdldlttcttbttt&#39;</strong></span> <span class='ocrx_word' id='word_1_491' title='bbox 1585 1572 1822 1712; x_wconf 44' lang='lat' dir='ltr'><strong>&#39;tm-{i</strong></span> 
     </span>
    </p>

    <p class='ocr_par' dir='ltr' id='par_1_17' title="bbox 1036 1725 1826 2340">
     <span class='ocr_line' id='line_1_81' title="bbox 1077 1725 1824 1808; baseline 0.008 -20"><span class='ocrx_word' id='word_1_492' title='bbox 1077 1725 1123 1788; x_wconf 80' lang='lat' dir='ltr'><strong>Ad</strong></span> <span class='ocrx_word' id='word_1_493' title='bbox 1143 1726 1283 1805; x_wconf 89' lang='lat' dir='ltr'><strong>primum</strong></span> <span class='ocrx_word' id='word_1_494' title='bbox 1302 1743 1379 1806; x_wconf 79' lang='lat' dir='ltr'><strong>ergo</strong></span> <span class='ocrx_word' id='word_1_495' title='bbox 1392 1725 1560 1789; x_wconf 90' lang='lat' dir='ltr'><strong>dicendum</strong></span> <span class='ocrx_word' id='word_1_496' title='bbox 1572 1727 1657 1806; x_wconf 90' lang='lat' dir='ltr'><strong>qudd</strong></span> <span class='ocrx_word' id='word_1_497' title='bbox 1670 1729 1824 1808; x_wconf 89' lang='lat' dir='ltr'><strong>perieulis</strong></span> 
     </span>
     <span class='ocr_line' id='line_1_82' title="bbox 1037 1805 1824 1887; baseline 0.006 -21"><span class='ocrx_word' id='word_1_498' title='bbox 1037 1823 1146 1866; x_wconf 89' lang='lat' dir='ltr'><strong>rerum</strong></span> <span class='ocrx_word' id='word_1_499' title='bbox 1168 1805 1385 1867; x_wconf 90' lang='lat' dir='ltr'><strong>humanarum</strong></span> <span class='ocrx_word' id='word_1_500' title='bbox 1398 1807 1449 1866; x_wconf 92' lang='lat' dir='ltr'><strong>est</strong></span> <span class='ocrx_word' id='word_1_501' title='bbox 1462 1805 1660 1868; x_wconf 86' lang='lat' dir='ltr'><strong>obviandum</strong></span> <span class='ocrx_word' id='word_1_502' title='bbox 1687 1826 1745 1887; x_wconf 87' lang='lat' dir='ltr'><strong>per</strong></span> <span class='ocrx_word' id='word_1_503' title='bbox 1771 1827 1824 1871; x_wconf 87' lang='lat' dir='ltr'><strong>res</strong></span> 
     </span>
     <span class='ocr_line' id='line_1_83' title="bbox 1037 1884 1826 1964; baseline 0.008 -20"><span class='ocrx_word' id='word_1_504' title='bbox 1037 1884 1208 1956; x_wconf 84' lang='lat' dir='ltr'><strong>humanas,</strong></span> <span class='ocrx_word' id='word_1_505' title='bbox 1230 1901 1297 1944; x_wconf 91' lang='lat' dir='ltr'><strong>uoii</strong></span> <span class='ocrx_word' id='word_1_506' title='bbox 1319 1887 1427 1945; x_wconf 87' lang='lat' dir='ltr'><strong>autem</strong></span> <span class='ocrx_word' id='word_1_507' title='bbox 1448 1902 1505 1962; x_wconf 89' lang='lat' dir='ltr'><strong>per</strong></span> <span class='ocrx_word' id='word_1_508' title='bbox 1519 1885 1682 1964; x_wconf 89' lang='lat' dir='ltr'><strong>booqudd</strong></span> <span class='ocrx_word' id='word_1_509' title='bbox 1703 1904 1757 1949; x_wconf 85' lang='lat' dir='ltr'><strong>res</strong></span> <span class='ocrx_word' id='word_1_510' title='bbox 1775 1887 1826 1950; x_wconf 81' lang='lat' dir='ltr'><strong>di·-</strong></span> 
     </span>
     <span class='ocr_line' id='line_1_84' title="bbox 1036 1959 1825 2055; baseline 0.004 -31"><span class='ocrx_word' id='word_1_511' title='bbox 1036 1963 1120 2054; x_wconf 75' lang='lat' dir='ltr'><strong>vina</strong></span> <span class='ocrx_word' id='word_1_512' title='bbox 1134 1964 1367 2055; x_wconf 76' lang='lat' dir='ltr'><strong>convertantur</strong></span> <span class='ocrx_word' id='word_1_513' title='bbox 1379 1959 1414 2023; x_wconf 93' lang='lat' dir='ltr'><strong>in</strong></span> <span class='ocrx_word' id='word_1_514' title='bbox 1427 1980 1523 2024; x_wconf 89' lang='lat' dir='ltr'><strong>usum</strong></span> <span class='ocrx_word' id='word_1_515' title='bbox 1535 1963 1727 2027; x_wconf 86' lang='lat' dir='ltr'><strong>humanum.</strong></span> <span class='ocrx_word' id='word_1_516' title='bbox 1742 1966 1825 2027; x_wconf 87' lang='lat' dir='ltr'><strong>Pro-</strong></span> 
     </span>
     <span class='ocr_line' id='line_1_85' title="bbox 1037 2039 1826 2119; baseline 0.008 -19"><span class='ocrx_word' id='word_1_517' title='bbox 1037 2040 1112 2102; x_wconf 85' lang='lat' dir='ltr'><strong>iessi</strong></span> <span class='ocrx_word' id='word_1_518' title='bbox 1120 2045 1227 2101; x_wconf 89' lang='lat' dir='ltr'><strong>autem</strong></span> <span class='ocrx_word' id='word_1_519' title='bbox 1234 2039 1423 2119; x_wconf 75' lang='lat' dir='ltr'><strong>religionem</strong></span> <span class='ocrx_word' id='word_1_520' title='bbox 1436 2043 1555 2102; x_wconf 91' lang='lat' dir='ltr'><strong>mortui</strong></span> <span class='ocrx_word' id='word_1_521' title='bbox 1565 2046 1642 2104; x_wconf 90' lang='lat' dir='ltr'><strong>suut</strong></span> <span class='ocrx_word' id='word_1_522' title='bbox 1653 2043 1826 2118; x_wconf 87' lang='lat' dir='ltr'><strong>mundo,et</strong></span> 
     </span>
     <span class='ocr_line' id='line_1_86' title="bbox 1037 2115 1825 2191; baseline 0.003 -9"><span class='ocrx_word' id='word_1_523' title='bbox 1037 2115 1151 2184; x_wconf 80' lang='lat' dir='ltr'><strong>vivunt</strong></span> <span class='ocrx_word' id='word_1_524' title='bbox 1179 2119 1265 2191; x_wconf 86' lang='lat' dir='ltr'><strong>Deo;</strong></span> <span class='ocrx_word' id='word_1_525' title='bbox 1289 2119 1374 2181; x_wconf 92' lang='lat' dir='ltr'><strong>uude</strong></span> <span class='ocrx_word' id='word_1_526' title='bbox 1397 2137 1463 2180; x_wconf 93' lang='lat' dir='ltr'><strong>uon</strong></span> <span class='ocrx_word' id='word_1_527' title='bbox 1490 2122 1566 2181; x_wconf 89' lang='lat' dir='ltr'><strong>sunt</strong></span> <span class='ocrx_word' id='word_1_528' title='bbox 1589 2121 1761 2184; x_wconf 86' lang='lat' dir='ltr'><strong>revocandi</strong></span> <span class='ocrx_word' id='word_1_529' title='bbox 1783 2122 1825 2184; x_wconf 90' lang='lat' dir='ltr'><strong>ad</strong></span> 
     </span>
     <span class='ocr_line' id='line_1_87' title="bbox 1037 2197 1824 2338; baseline 0.004 -78"><span class='ocrx_word' id='word_1_530' title='bbox 1037 2197 1349 2338; x_wconf 53' lang='lat' dir='ltr'><strong>vitantimbumauam</strong></span> <span class='ocrx_word' id='word_1_531' title='bbox 1385 2197 1556 2260; x_wconf 87' lang='lat' dir='ltr'><strong>occasione</strong></span> <span class='ocrx_word' id='word_1_532' title='bbox 1572 2200 1824 2280; x_wconf 72' lang='lat' dir='ltr'><strong>cujuscumque</strong></span> 
     </span>
     <span class='ocr_line' id='line_1_88' title="bbox 1037 2295 1183 2340; baseline -0.027 0"><span class='ocrx_word' id='word_1_533' title='bbox 1037 2295 1117 2340; x_wconf 88' lang='lat' dir='ltr'><strong>even</strong></span> <span class='ocrx_word' id='word_1_534' title='bbox 1174 2320 1183 2336; x_wconf 94' lang='lat'><strong>.</strong></span> 
     </span>
    </p>

    <p class='ocr_par' dir='ltr' id='par_1_18' title="bbox 1037 2351 1826 2826">
     <span class='ocr_line' id='line_1_89' title="bbox 1077 2351 1826 2432; baseline 0.001 -15"><span class='ocrx_word' id='word_1_535' title='bbox 1077 2354 1124 2417; x_wconf 83' lang='lat' dir='ltr'><strong>Ad</strong></span> <span class='ocrx_word' id='word_1_536' title='bbox 1140 2351 1316 2418; x_wconf 90' lang='lat' dir='ltr'><strong>secuudum</strong></span> <span class='ocrx_word' id='word_1_537' title='bbox 1328 2353 1496 2416; x_wconf 87' lang='lat' dir='ltr'><strong>dicendum</strong></span> <span class='ocrx_word' id='word_1_538' title='bbox 1506 2355 1593 2432; x_wconf 90' lang='lat' dir='ltr'><strong>qudd</strong></span> <span class='ocrx_word' id='word_1_539' title='bbox 1609 2357 1643 2418; x_wconf 90' lang='lat' dir='ltr'><strong>in</strong></span> <span class='ocrx_word' id='word_1_540' title='bbox 1657 2361 1731 2420; x_wconf 89' lang='lat' dir='ltr'><strong>voto</strong></span> <span class='ocrx_word' id='word_1_541' title='bbox 1745 2360 1826 2418; x_wconf 88' lang='lat' dir='ltr'><strong>tem·</strong></span> 
     </span>
     <span class='ocr_line' id='line_1_90' title="bbox 1037 2433 1826 2527; baseline 0.008 -33"><span class='ocrx_word' id='word_1_542' title='bbox 1037 2434 1157 2526; x_wconf 66' lang='lat' dir='ltr'><strong>popalis</strong></span> <span class='ocrx_word' id='word_1_543' title='bbox 1196 2434 1387 2526; x_wconf 26' lang='lat' dir='ltr'><strong>ontinentia‘</strong></span> <span class='ocrx_word' id='word_1_544' title='bbox 1403 2433 1584 2527; x_wconf 72' lang='lat' dir='ltr'><strong>dispensari</strong></span> <span class='ocrx_word' id='word_1_545' title='bbox 1607 2440 1723 2514; x_wconf 85' lang='lat' dir='ltr'><strong>potest,</strong></span> <span class='ocrx_word' id='word_1_546' title='bbox 1743 2435 1826 2500; x_wconf 90' lang='lat' dir='ltr'><strong>sicut</strong></span> 
     </span>
     <span class='ocr_line' id='line_1_91' title="bbox 1037 2452 1826 2606; baseline 0.005 -34"><span class='ocrx_word' id='word_1_547' title='bbox 1037 2515 1070 2572; x_wconf 89' lang='lat' dir='ltr'><strong>et</strong></span> <span class='ocrx_word' id='word_1_548' title='bbox 1084 2531 1117 2572; x_wconf 90' lang='lat' dir='ltr'><strong>iu</strong></span> <span class='ocrx_word' id='word_1_549' title='bbox 1131 2452 1205 2576; x_wconf 51' lang='lat' dir='ltr'><strong>vofo</strong></span> <span class='ocrx_word' id='word_1_550' title='bbox 1219 2512 1405 2590; x_wconf 88' lang='lat' dir='ltr'><strong>temporalis</strong></span> <span class='ocrx_word' id='word_1_551' title='bbox 1420 2516 1588 2585; x_wconf 89' lang='lat' dir='ltr'><strong>orationis,</strong></span> <span class='ocrx_word' id='word_1_552' title='bbox 1601 2513 1652 2576; x_wconf 91' lang='lat' dir='ltr'><strong>vel</strong></span> <span class='ocrx_word' id='word_1_553' title='bbox 1666 2519 1826 2606; x_wconf 86' lang='lat' dir='ltr'><strong>tempora·</strong></span> 
     </span>
     <span class='ocr_line' id='line_1_92' title="bbox 1037 2587 1825 2669; baseline 0.003 -18"><span class='ocrx_word' id='word_1_554' title='bbox 1037 2590 1078 2651; x_wconf 90' lang='lat' dir='ltr'><strong>lis</strong></span> <span class='ocrx_word' id='word_1_555' title='bbox 1092 2590 1304 2657; x_wconf 79' lang='lat' dir='ltr'><strong>abstinentiae,</strong></span> <span class='ocrx_word' id='word_1_556' title='bbox 1326 2587 1387 2650; x_wconf 90' lang='lat' dir='ltr'><strong>Sed</strong></span> <span class='ocrx_word' id='word_1_557' title='bbox 1400 2589 1487 2669; x_wconf 89' lang='lat' dir='ltr'><strong>qudd</strong></span> <span class='ocrx_word' id='word_1_558' title='bbox 1508 2592 1542 2652; x_wconf 92' lang='lat' dir='ltr'><strong>iu</strong></span> <span class='ocrx_word' id='word_1_559' title='bbox 1564 2596 1639 2654; x_wconf 90' lang='lat' dir='ltr'><strong>voto</strong></span> <span class='ocrx_word' id='word_1_560' title='bbox 1655 2597 1825 2653; x_wconf 87' lang='lat' dir='ltr'><strong>coutinen-</strong></span> 
     </span>
     <span class='ocr_line' id='line_1_93' title="bbox 1039 2665 1826 2749; baseline 0.005 -21"><span class='ocrx_word' id='word_1_561' title='bbox 1039 2669 1091 2730; x_wconf 80' lang='lat' dir='ltr'><strong>tia</strong></span> <span class='ocrx_word' id='word_1_562' title='bbox 1103 2687 1161 2746; x_wconf 89' lang='lat' dir='ltr'><strong>per</strong></span> <span class='ocrx_word' id='word_1_563' title='bbox 1173 2665 1406 2747; x_wconf 76' lang='lat' dir='ltr'><strong>professionem</strong></span> <span class='ocrx_word' id='word_1_564' title='bbox 1420 2669 1630 2732; x_wconf 83' lang='lat' dir='ltr'><strong>solemnizato</strong></span> <span class='ocrx_word' id='word_1_565' title='bbox 1645 2687 1711 2731; x_wconf 93' lang='lat' dir='ltr'><strong>non</strong></span> <span class='ocrx_word' id='word_1_566' title='bbox 1725 2671 1826 2749; x_wconf 86' lang='lat' dir='ltr'><strong>possit</strong></span> 
     </span>
     <span class='ocr_line' id='line_1_94' title="bbox 1038 2745 1825 2826; baseline 0.003 -19"><span class='ocrx_word' id='word_1_567' title='bbox 1038 2746 1230 2825; x_wconf 89' lang='lat' dir='ltr'><strong>dispensari,</strong></span> <span class='ocrx_word' id='word_1_568' title='bbox 1240 2745 1303 2810; x_wconf 86' lang='lat' dir='ltr'><strong>boc</strong></span> <span class='ocrx_word' id='word_1_569' title='bbox 1315 2763 1381 2808; x_wconf 91' lang='lat' dir='ltr'><strong>non</strong></span> <span class='ocrx_word' id='word_1_570' title='bbox 1395 2750 1445 2808; x_wconf 87' lang='lat' dir='ltr'><strong>cst</strong></span> <span class='ocrx_word' id='word_1_571' title='bbox 1455 2748 1489 2809; x_wconf 91' lang='lat' dir='ltr'><strong>in</strong></span> <span class='ocrx_word' id='word_1_572' title='bbox 1504 2753 1661 2826; x_wconf 91' lang='lat' dir='ltr'><strong>quantum</strong></span> <span class='ocrx_word' id='word_1_573' title='bbox 1674 2753 1723 2812; x_wconf 91' lang='lat' dir='ltr'><strong>est</strong></span> <span class='ocrx_word' id='word_1_574' title='bbox 1733 2754 1825 2811; x_wconf 90' lang='lat' dir='ltr'><strong>actus</strong></span> 
     </span>
    </p>
   </div>
   <div class='ocr_carea' id='block_1_17' title="bbox 1019 2823 1826 2963">
    <p class='ocr_par' dir='ltr' id='par_1_19' title="bbox 1019 2823 1826 2963">
     <span class='ocr_line' id='line_1_95' title="bbox 1019 2823 1826 2963; baseline 0 -75"><span class='ocrx_word' id='word_1_575' title='bbox 1019 2848 1023 2854; x_wconf 91' lang='lat'>·</span> <span class='ocrx_word' id='word_1_576' title='bbox 1038 2825 1205 2900; x_wconf 87' lang='lat' dir='ltr'><strong>castitatis,</strong></span> <span class='ocrx_word' id='word_1_577' title='bbox 1219 2823 1274 2886; x_wconf 89' lang='lat' dir='ltr'><strong>sed</strong></span> <span class='ocrx_word' id='word_1_578' title='bbox 1294 2825 1327 2887; x_wconf 94' lang='lat' dir='ltr'><strong>in</strong></span> <span class='ocrx_word' id='word_1_579' title='bbox 1345 2830 1503 2963; x_wconf 59' lang='lat' dir='ltr'><strong>quantum</strong></span> <span class='ocrx_word' id='word_1_580' title='bbox 1518 2826 1684 2904; x_wconf 75' lang='lat' dir='ltr'><strong>incipitad</strong></span> <span class='ocrx_word' id='word_1_581' title='bbox 1698 2827 1826 2890; x_wconf 86' lang='lat' dir='ltr'><strong>latriam</strong></span> 
     </span>
    </p>
   </div>
   <div class='ocr_carea' id='block_1_18' title="bbox 1039 2902 1831 3614">
    <p class='ocr_par' dir='ltr' id='par_1_20' title="bbox 1039 2902 1706 2995">
     <span class='ocr_line' id='line_1_96' title="bbox 1039 2902 1706 2995; baseline 0.001 -30"><span class='ocrx_word' id='word_1_582' title='bbox 1039 2902 1201 2983; x_wconf 89' lang='lat' dir='ltr'><strong>pertinere</strong></span> <span class='ocrx_word' id='word_1_583' title='bbox 1213 2922 1272 2995; x_wconf 82' lang='lat' dir='ltr'><strong>per</strong></span> <span class='ocrx_word' id='word_1_584' title='bbox 1285 2921 1345 2982; x_wconf 92' lang='lat' dir='ltr'><strong>pro</strong></span> <span class='ocrx_word' id='word_1_585' title='bbox 1358 2903 1518 2966; x_wconf 90' lang='lat' dir='ltr'><strong>essionem</strong></span> <span class='ocrx_word' id='word_1_586' title='bbox 1529 2905 1706 2985; x_wconf 73' lang='lat' dir='ltr'><strong>religionis.</strong></span> 
     </span>
    </p>

    <p class='ocr_par' dir='ltr' id='par_1_21' title="bbox 1039 2981 1831 3614">
     <span class='ocr_line' id='line_1_97' title="bbox 1078 2981 1828 3060; baseline 0.004 -16"><span class='ocrx_word' id='word_1_587' title='bbox 1078 2981 1126 3044; x_wconf 69' lang='lat' dir='ltr'><strong>ild</strong></span> <span class='ocrx_word' id='word_1_588' title='bbox 1152 2986 1282 3044; x_wconf 88' lang='lat' dir='ltr'><strong>tertium</strong></span> <span class='ocrx_word' id='word_1_589' title='bbox 1302 2981 1470 3044; x_wconf 87' lang='lat' dir='ltr'><strong>dicendum</strong></span> <span class='ocrx_word' id='word_1_590' title='bbox 1491 2982 1577 3060; x_wconf 83' lang='lat' dir='ltr'><strong>quod</strong></span> <span class='ocrx_word' id='word_1_591' title='bbox 1600 2983 1690 3046; x_wconf 88' lang='lat' dir='ltr'><strong>cibus</strong></span> <span class='ocrx_word' id='word_1_592' title='bbox 1709 2982 1828 3047; x_wconf 69' lang='lat' dir='ltr'><strong>timete</strong></span> 
     </span>
     <span class='ocr_line' id='line_1_98' title="bbox 1040 3059 1828 3141; baseline 0.001 -18"><span class='ocrx_word' id='word_1_593' title='bbox 1040 3061 1208 3123; x_wconf 89' lang='lat' dir='ltr'><strong>ordinatur</strong></span> <span class='ocrx_word' id='word_1_594' title='bbox 1235 3059 1276 3123; x_wconf 91' lang='lat' dir='ltr'><strong>ad</strong></span> <span class='ocrx_word' id='word_1_595' title='bbox 1298 3060 1575 3129; x_wconf 88' lang='lat' dir='ltr'><strong>conservationem</strong></span> <span class='ocrx_word' id='word_1_596' title='bbox 1601 3079 1749 3141; x_wconf 80' lang='lat' dir='ltr'><strong>persona</strong></span> <span class='ocrx_word' id='word_1_597' title='bbox 1767 3082 1775 3123; x_wconf 75' lang='grc' dir='ltr'><strong>ε</strong></span> <span class='ocrx_word' id='word_1_598' title='bbox 1796 3066 1828 3126; x_wconf 85' lang='grc' dir='ltr'><strong>ιι</strong></span> 
     </span>
     <span class='ocr_line' id='line_1_99' title="bbox 1039 3138 1828 3223; baseline 0.001 -21"><span class='ocrx_word' id='word_1_599' title='bbox 1039 3139 1111 3203; x_wconf 82' lang='lat' dir='ltr'><strong>ideo</strong></span> <span class='ocrx_word' id='word_1_600' title='bbox 1124 3139 1320 3201; x_wconf 86' lang='lat' dir='ltr'><strong>abstinentia</strong></span> <span class='ocrx_word' id='word_1_601' title='bbox 1334 3140 1397 3201; x_wconf 92' lang='lat' dir='ltr'><strong>cibi</strong></span> <span class='ocrx_word' id='word_1_602' title='bbox 1408 3138 1528 3202; x_wconf 64' lang='lat' dir='ltr'><strong>directi</strong></span> <span class='ocrx_word' id='word_1_603' title='bbox 1534 3144 1642 3219; x_wconf 89' lang='lat' dir='ltr'><strong>potest</strong></span> <span class='ocrx_word' id='word_1_604' title='bbox 1651 3160 1785 3223; x_wconf 72' lang='lat' dir='ltr'><strong>vergere</strong></span> <span class='ocrx_word' id='word_1_605' title='bbox 1794 3142 1828 3203; x_wconf 85' lang='lat' dir='ltr'><strong>iii</strong></span> 
     </span>
     <span class='ocr_line' id='line_1_100' title="bbox 1040 3217 1829 3297; baseline 0.004 -17"><span class='ocrx_word' id='word_1_606' title='bbox 1040 3218 1219 3297; x_wconf 90' lang='lat' dir='ltr'><strong>perieulum</strong></span> <span class='ocrx_word' id='word_1_607' title='bbox 1231 3234 1388 3295; x_wconf 83' lang='lat' dir='ltr'><strong>persona.</strong></span> <span class='ocrx_word' id='word_1_608' title='bbox 1403 3217 1491 3281; x_wconf 89' lang='lat' dir='ltr'><strong>Unde</strong></span> <span class='ocrx_word' id='word_1_609' title='bbox 1505 3238 1547 3281; x_wconf 83' lang='lat' dir='ltr'><strong>ex</strong></span> <span class='ocrx_word' id='word_1_610' title='bbox 1559 3217 1621 3283; x_wconf 81' lang='lat' dir='ltr'><strong>bdc</strong></span> <span class='ocrx_word' id='word_1_611' title='bbox 1634 3221 1761 3284; x_wconf 88' lang='lat' dir='ltr'><strong>ratione</strong></span> <span class='ocrx_word' id='word_1_612' title='bbox 1773 3240 1829 3283; x_wconf 88' lang='lat' dir='ltr'><strong>re-</strong></span> 
     </span>
     <span class='ocr_line' id='line_1_101' title="bbox 1041 3296 1829 3376; baseline 0.003 -17"><span class='ocrx_word' id='word_1_613' title='bbox 1041 3297 1118 3376; x_wconf 90' lang='lat' dir='ltr'><strong>cipit</strong></span> <span class='ocrx_word' id='word_1_614' title='bbox 1129 3299 1239 3359; x_wconf 89' lang='lat' dir='ltr'><strong>votum</strong></span> <span class='ocrx_word' id='word_1_615' title='bbox 1254 3297 1457 3359; x_wconf 77' lang='lat' dir='ltr'><strong>abstinentiae</strong></span> <span class='ocrx_word' id='word_1_616' title='bbox 1469 3296 1517 3359; x_wconf 90' lang='lat' dir='ltr'><strong>dis</strong></span> <span class='ocrx_word' id='word_1_617' title='bbox 1561 3299 1756 3361; x_wconf 89' lang='lat' dir='ltr'><strong>usatiouem.</strong></span> <span class='ocrx_word' id='word_1_618' title='bbox 1769 3298 1829 3361; x_wconf 91' lang='lat' dir='ltr'><strong>Sed</strong></span> 
     </span>
     <span class='ocr_line' id='line_1_102' title="bbox 1041 3374 1830 3441; baseline 0 -4"><span class='ocrx_word' id='word_1_619' title='bbox 1041 3376 1144 3437; x_wconf 90' lang='lat' dir='ltr'><strong>coitus</strong></span> <span class='ocrx_word' id='word_1_620' title='bbox 1158 3392 1224 3437; x_wconf 93' lang='lat' dir='ltr'><strong>non</strong></span> <span class='ocrx_word' id='word_1_621' title='bbox 1237 3374 1406 3437; x_wconf 89' lang='lat' dir='ltr'><strong>ordinatur</strong></span> <span class='ocrx_word' id='word_1_622' title='bbox 1420 3374 1506 3437; x_wconf 88' lang='lat' dir='ltr'><strong>direc</strong></span> <span class='ocrx_word' id='word_1_623' title='bbox 1551 3376 1592 3437; x_wconf 92' lang='lat' dir='ltr'><strong>ad</strong></span> <span class='ocrx_word' id='word_1_624' title='bbox 1612 3378 1830 3441; x_wconf 89' lang='lat' dir='ltr'><strong>conservatio-</strong></span> 
     </span>
     <span class='ocr_line' id='line_1_103' title="bbox 1042 3452 1830 3535; baseline 0.004 -20"><span class='ocrx_word' id='word_1_625' title='bbox 1042 3472 1116 3515; x_wconf 90' lang='lat' dir='ltr'><strong>uem</strong></span> <span class='ocrx_word' id='word_1_626' title='bbox 1138 3470 1295 3531; x_wconf 79' lang='lat' dir='ltr'><strong>persona,</strong></span> <span class='ocrx_word' id='word_1_627' title='bbox 1317 3452 1373 3515; x_wconf 90' lang='lat' dir='ltr'><strong>sed</strong></span> <span class='ocrx_word' id='word_1_628' title='bbox 1392 3452 1434 3515; x_wconf 90' lang='lat' dir='ltr'><strong>ad</strong></span> <span class='ocrx_word' id='word_1_629' title='bbox 1454 3456 1734 3519; x_wconf 86' lang='lat' dir='ltr'><strong>conservationem</strong></span> <span class='ocrx_word' id='word_1_630' title='bbox 1757 3474 1830 3535; x_wconf 89' lang='lat' dir='ltr'><strong>spe·</strong></span> 
     </span>
     <span class='ocr_line' id='line_1_104' title="bbox 1042 3530 1831 3614; baseline 0 -19"><span class='ocrx_word' id='word_1_631' title='bbox 1042 3532 1115 3603; x_wconf 73' lang='lat' dir='ltr'><strong>eicis</strong></span> <span class='ocrx_word' id='word_1_632' title='bbox 1129 3532 1214 3593; x_wconf 92' lang='lat' dir='ltr'><strong>uude</strong></span> <span class='ocrx_word' id='word_1_633' title='bbox 1231 3550 1290 3595; x_wconf 90' lang='lat' dir='ltr'><strong>uec</strong></span> <span class='ocrx_word' id='word_1_634' title='bbox 1303 3530 1423 3594; x_wconf 74' lang='lat' dir='ltr'><strong>directe</strong></span> <span class='ocrx_word' id='word_1_635' title='bbox 1439 3533 1636 3599; x_wconf 85' lang='lat' dir='ltr'><strong>abstinentia</strong></span> <span class='ocrx_word' id='word_1_636' title='bbox 1650 3532 1757 3598; x_wconf 81' lang='lat' dir='ltr'><strong>coitiis</strong></span> <span class='ocrx_word' id='word_1_637' title='bbox 1770 3552 1831 3614; x_wconf 90' lang='lat' dir='ltr'><strong>per</strong></span> 
     </span>
    </p>
   </div>
   <div class='ocr_carea' id='block_1_19' title="bbox 1042 3610 1828 3753">
    <p class='ocr_par' dir='ltr' id='par_1_22' title="bbox 1042 3610 1828 3753">
     <span class='ocr_line' id='line_1_105' title="bbox 1042 3610 1828 3753; baseline 0.004 -81"><span class='ocrx_word' id='word_1_638' title='bbox 1042 3610 1271 3673; x_wconf 88' lang='lat' dir='ltr'><strong>continentiam</strong></span> <span class='ocrx_word' id='word_1_639' title='bbox 1294 3612 1394 3691; x_wconf 72' lang='lat' dir='ltr'><strong>vergit</strong></span> <span class='ocrx_word' id='word_1_640' title='bbox 1412 3612 1649 3753; x_wconf 57' lang='lat' dir='ltr'><strong>iuepericulum</strong></span> <span class='ocrx_word' id='word_1_641' title='bbox 1670 3630 1828 3692; x_wconf 74' lang='lat' dir='ltr'><strong>persona.</strong></span> 
     </span>
    </p>
   </div>
   <div class='ocr_carea' id='block_1_20' title="bbox 1042 3687 1918 5417">
    <p class='ocr_par' dir='ltr' id='par_1_23' title="bbox 1042 3687 1832 3989">
     <span class='ocr_line' id='line_1_106' title="bbox 1042 3687 1436 3766; baseline -0.008 -13"><span class='ocrx_word' id='word_1_642' title='bbox 1042 3688 1103 3753; x_wconf 86' lang='lat' dir='ltr'><strong>Sed</strong></span> <span class='ocrx_word' id='word_1_643' title='bbox 1115 3688 1143 3751; x_wconf 88' lang='lat' dir='ltr'><strong>si</strong></span> <span class='ocrx_word' id='word_1_644' title='bbox 1162 3707 1221 3766; x_wconf 90' lang='lat' dir='ltr'><strong>per</strong></span> <span class='ocrx_word' id='word_1_645' title='bbox 1234 3687 1381 3752; x_wconf 89' lang='lat' dir='ltr'><strong>accidens</strong></span> <span class='ocrx_word' id='word_1_646' title='bbox 1394 3708 1436 3751; x_wconf 88' lang='grc' dir='ltr'><strong>ιι</strong></span> 
     </span>
     <span class='ocr_line' id='line_1_107' title="bbox 1043 3766 1829 3861; baseline -0.003 -30"><span class='ocrx_word' id='word_1_647' title='bbox 1043 3766 1213 3845; x_wconf 89' lang='lat' dir='ltr'><strong>personale</strong></span> <span class='ocrx_word' id='word_1_648' title='bbox 1237 3766 1380 3841; x_wconf 89' lang='lat' dir='ltr'><strong>accidat,</strong></span> <span class='ocrx_word' id='word_1_649' title='bbox 1406 3771 1512 3861; x_wconf 87' lang='lat' dir='ltr'><strong>potest</strong></span> <span class='ocrx_word' id='word_1_650' title='bbox 1534 3769 1630 3832; x_wconf 85' lang='lat' dir='ltr'><strong>aliter</strong></span> <span class='ocrx_word' id='word_1_651' title='bbox 1649 3770 1829 3841; x_wconf 90' lang='lat' dir='ltr'><strong>subveniri,</strong></span> 
     </span>
     <span class='ocr_line' id='line_1_108' title="bbox 1043 3846 1832 3989; baseline 0.008 -82"><span class='ocrx_word' id='word_1_652' title='bbox 1043 3847 1164 3989; x_wconf 51' lang='lat' dir='ltr'><strong>seiligdet</strong></span> <span class='ocrx_word' id='word_1_653' title='bbox 1176 3865 1235 3925; x_wconf 92' lang='lat' dir='ltr'><strong>per</strong></span> <span class='ocrx_word' id='word_1_654' title='bbox 1245 3846 1485 3921; x_wconf 86' lang='lat' dir='ltr'><strong>abstinentiam,</strong></span> <span class='ocrx_word' id='word_1_655' title='bbox 1506 3848 1556 3910; x_wconf 90' lang='lat' dir='ltr'><strong>vel</strong></span> <span class='ocrx_word' id='word_1_656' title='bbox 1569 3848 1634 3911; x_wconf 93' lang='lat' dir='ltr'><strong>alia</strong></span> <span class='ocrx_word' id='word_1_657' title='bbox 1649 3849 1832 3928; x_wconf 82' lang='lat' dir='ltr'><strong>corporalia</strong></span> 
     </span>
     <span class='ocr_line' id='line_1_109' title="bbox 1042 3941 1195 3987; baseline -0.013 0"><span class='ocrx_word' id='word_1_658' title='bbox 1042 3942 1112 3987; x_wconf 89' lang='lat' dir='ltr'><strong>rem</strong></span> <span class='ocrx_word' id='word_1_659' title='bbox 1152 3941 1195 3987; x_wconf 91' lang='lat' dir='ltr'><strong>ia.</strong></span> 
     </span>
    </p>

    <p class='ocr_par' dir='ltr' id='par_1_24' title="bbox 1043 4003 1918 4707">
     <span class='ocr_line' id='line_1_110' title="bbox 1082 4003 1831 4085; baseline 0.004 -21"><span class='ocrx_word' id='word_1_660' title='bbox 1082 4003 1129 4065; x_wconf 79' lang='lat' dir='ltr'><strong>sd</strong></span> <span class='ocrx_word' id='word_1_661' title='bbox 1143 4006 1295 4081; x_wconf 84' lang='lat' dir='ltr'><strong>quartum</strong></span> <span class='ocrx_word' id='word_1_662' title='bbox 1307 4003 1476 4067; x_wconf 89' lang='lat' dir='ltr'><strong>dicendum</strong></span> <span class='ocrx_word' id='word_1_663' title='bbox 1490 4004 1574 4083; x_wconf 88' lang='lat' dir='ltr'><strong>qudd</strong></span> <span class='ocrx_word' id='word_1_664' title='bbox 1589 4005 1761 4085; x_wconf 81' lang='lat' dir='ltr'><strong>religiosus</strong></span> <span class='ocrx_word' id='word_1_665' title='bbox 1775 4004 1831 4083; x_wconf 90' lang='lat' dir='ltr'><strong>qui</strong></span> 
     </span>
     <span class='ocr_line' id='line_1_111' title="bbox 1044 4081 1831 4175; baseline 0.003 -32"><span class='ocrx_word' id='word_1_666' title='bbox 1044 4082 1079 4143; x_wconf 90' lang='lat' dir='ltr'><strong>tit</strong></span> <span class='ocrx_word' id='word_1_667' title='bbox 1098 4083 1284 4175; x_wconf 86' lang='lat' dir='ltr'><strong>episcopus,</strong></span> <span class='ocrx_word' id='word_1_668' title='bbox 1309 4081 1392 4144; x_wconf 89' lang='lat' dir='ltr'><strong>sicut</strong></span> <span class='ocrx_word' id='word_1_669' title='bbox 1416 4100 1483 4145; x_wconf 93' lang='lat' dir='ltr'><strong>uon</strong></span> <span class='ocrx_word' id='word_1_670' title='bbox 1514 4084 1693 4146; x_wconf 87' lang='lat' dir='ltr'><strong>absolvitur</strong></span> <span class='ocrx_word' id='word_1_671' title='bbox 1713 4082 1735 4146; x_wconf 82' lang='lat' dir='ltr'><strong>d</strong></span> <span class='ocrx_word' id='word_1_672' title='bbox 1757 4089 1831 4145; x_wconf 93' lang='lat' dir='ltr'><strong>voto</strong></span> 
     </span>
     <span class='ocr_line' id='line_1_112' title="bbox 1044 4159 1833 4241; baseline 0.004 -19"><span class='ocrx_word' id='word_1_673' title='bbox 1044 4164 1257 4234; x_wconf 80' lang='lat' dir='ltr'><strong>coutinentia,</strong></span> <span class='ocrx_word' id='word_1_674' title='bbox 1273 4160 1316 4222; x_wconf 90' lang='lat' dir='ltr'><strong>ita</strong></span> <span class='ocrx_word' id='word_1_675' title='bbox 1334 4179 1394 4223; x_wconf 90' lang='lat' dir='ltr'><strong>neo</strong></span> <span class='ocrx_word' id='word_1_676' title='bbox 1407 4159 1428 4224; x_wconf 82' lang='lat' dir='ltr'><strong>l</strong></span> <span class='ocrx_word' id='word_1_677' title='bbox 1443 4166 1516 4225; x_wconf 90' lang='lat' dir='ltr'><strong>voto</strong></span> <span class='ocrx_word' id='word_1_678' title='bbox 1529 4163 1738 4241; x_wconf 87' lang='lat' dir='ltr'><strong>paupertatis,</strong></span> <span class='ocrx_word' id='word_1_679' title='bbox 1753 4162 1833 4240; x_wconf 85' lang='lat' dir='ltr'><strong>quia</strong></span> 
     </span>
     <span class='ocr_line' id='line_1_113' title="bbox 1044 4237 1832 4319; baseline 0.005 -20"><span class='ocrx_word' id='word_1_680' title='bbox 1044 4240 1124 4300; x_wconf 90' lang='lat' dir='ltr'><strong>nibil</strong></span> <span class='ocrx_word' id='word_1_681' title='bbox 1144 4239 1238 4301; x_wconf 90' lang='lat' dir='ltr'><strong>debet</strong></span> <span class='ocrx_word' id='word_1_682' title='bbox 1259 4237 1377 4300; x_wconf 90' lang='lat' dir='ltr'><strong>habere</strong></span> <span class='ocrx_word' id='word_1_683' title='bbox 1397 4237 1552 4318; x_wconf 73' lang='lat' dir='ltr'><strong>tanquam</strong></span> <span class='ocrx_word' id='word_1_684' title='bbox 1574 4240 1759 4319; x_wconf 89' lang='lat' dir='ltr'><strong>proprium,</strong></span> <span class='ocrx_word' id='word_1_685' title='bbox 1777 4240 1832 4303; x_wconf 91' lang='lat' dir='ltr'><strong>sed</strong></span> 
     </span>
     <span class='ocr_line' id='line_1_114' title="bbox 1044 4317 1831 4395; baseline 0.003 -16"><span class='ocrx_word' id='word_1_686' title='bbox 1044 4317 1127 4379; x_wconf 89' lang='lat' dir='ltr'><strong>sicut</strong></span> <span class='ocrx_word' id='word_1_687' title='bbox 1142 4318 1345 4395; x_wconf 89' lang='lat' dir='ltr'><strong>dispeusator</strong></span> <span class='ocrx_word' id='word_1_688' title='bbox 1357 4319 1576 4380; x_wconf 88' lang='lat' dir='ltr'><strong>communium</strong></span> <span class='ocrx_word' id='word_1_689' title='bbox 1595 4321 1753 4381; x_wconf 88' lang='lat' dir='ltr'><strong>bonorum</strong></span> <span class='ocrx_word' id='word_1_690' title='bbox 1769 4319 1831 4381; x_wconf 88' lang='lat' dir='ltr'><strong>Ec—</strong></span> 
     </span>
     <span class='ocr_line' id='line_1_115' title="bbox 1044 4394 1832 4460; baseline -0.001 -2"><span class='ocrx_word' id='word_1_691' title='bbox 1044 4398 1149 4459; x_wconf 83' lang='lat' dir='ltr'><strong>clesia</strong></span> <span class='ocrx_word' id='word_1_692' title='bbox 1163 4416 1171 4455; x_wconf 75' lang='grc' dir='ltr'><strong><em>ε</em></strong></span> <span class='ocrx_word' id='word_1_693' title='bbox 1187 4394 1333 4457; x_wconf 88' lang='lat' dir='ltr'><strong>similiter</strong></span> <span class='ocrx_word' id='word_1_694' title='bbox 1345 4396 1440 4457; x_wconf 88' lang='lat' dir='ltr'><strong>etiam</strong></span> <span class='ocrx_word' id='word_1_695' title='bbox 1452 4413 1518 4457; x_wconf 89' lang='lat' dir='ltr'><strong>non</strong></span> <span class='ocrx_word' id='word_1_696' title='bbox 1532 4397 1711 4459; x_wconf 84' lang='lat' dir='ltr'><strong>absolvitur</strong></span> <span class='ocrx_word' id='word_1_697' title='bbox 1724 4394 1745 4460; x_wconf 83' lang='lat' dir='ltr'><strong>d</strong></span> <span class='ocrx_word' id='word_1_698' title='bbox 1759 4405 1832 4458; x_wconf 91' lang='lat' dir='ltr'><strong>voto</strong></span> 
     </span>
     <span class='ocr_line' id='line_1_116' title="bbox 1044 4472 1918 4551; baseline 0.002 -14"><span class='ocrx_word' id='word_1_699' title='bbox 1044 4474 1244 4546; x_wconf 81' lang='lat' dir='ltr'><strong>obedientia,</strong></span> <span class='ocrx_word' id='word_1_700' title='bbox 1259 4472 1313 4535; x_wconf 90' lang='lat' dir='ltr'><strong>sed</strong></span> <span class='ocrx_word' id='word_1_701' title='bbox 1330 4491 1389 4551; x_wconf 90' lang='lat' dir='ltr'><strong>per</strong></span> <span class='ocrx_word' id='word_1_702' title='bbox 1403 4475 1550 4537; x_wconf 89' lang='lat' dir='ltr'><strong>accidens</strong></span> <span class='ocrx_word' id='word_1_703' title='bbox 1564 4476 1695 4537; x_wconf 88' lang='lat' dir='ltr'><strong>obedire</strong></span> <span class='ocrx_word' id='word_1_704' title='bbox 1707 4493 1774 4537; x_wconf 92' lang='lat' dir='ltr'><strong>non</strong></span> <span class='ocrx_word' id='word_1_705' title='bbox 1788 4481 1835 4537; x_wconf 84' lang='lat' dir='ltr'><strong>te·</strong></span> <span class='ocrx_word' id='word_1_706' title='bbox 1912 4529 1918 4539; x_wconf 88' lang='lat'><strong>.</strong></span> 
     </span>
     <span class='ocr_line' id='line_1_117' title="bbox 1044 4552 1835 4629; baseline 0.004 -15"><span class='ocrx_word' id='word_1_707' title='bbox 1044 4558 1150 4626; x_wconf 86' lang='lat' dir='ltr'><strong>netur,</strong></span> <span class='ocrx_word' id='word_1_708' title='bbox 1171 4553 1198 4615; x_wconf 91' lang='lat' dir='ltr'><strong>si</strong></span> <span class='ocrx_word' id='word_1_709' title='bbox 1220 4552 1419 4629; x_wconf 90' lang='lat' dir='ltr'><strong>superiorem</strong></span> <span class='ocrx_word' id='word_1_710' title='bbox 1437 4570 1502 4615; x_wconf 93' lang='lat' dir='ltr'><strong>non</strong></span> <span class='ocrx_word' id='word_1_711' title='bbox 1529 4553 1644 4628; x_wconf 80' lang='lat' dir='ltr'><strong>babet3</strong></span> <span class='ocrx_word' id='word_1_712' title='bbox 1672 4554 1755 4617; x_wconf 89' lang='lat' dir='ltr'><strong>sicut</strong></span> <span class='ocrx_word' id='word_1_713' title='bbox 1774 4572 1835 4617; x_wconf 85' lang='lat' dir='ltr'><strong>uec</strong></span> 
     </span>
     <span class='ocr_line' id='line_1_118' title="bbox 1043 4630 1836 4707; baseline 0.003 -14"><span class='ocrx_word' id='word_1_714' title='bbox 1043 4633 1144 4693; x_wconf 91' lang='lat' dir='ltr'><strong>abbas</strong></span> <span class='ocrx_word' id='word_1_715' title='bbox 1160 4631 1358 4703; x_wconf 88' lang='lat' dir='ltr'><strong>monasterii,</strong></span> <span class='ocrx_word' id='word_1_716' title='bbox 1373 4630 1429 4707; x_wconf 91' lang='lat' dir='ltr'><strong>qui</strong></span> <span class='ocrx_word' id='word_1_717' title='bbox 1444 4638 1551 4693; x_wconf 89' lang='lat' dir='ltr'><strong>tamen</strong></span> <span class='ocrx_word' id='word_1_718' title='bbox 1564 4649 1630 4693; x_wconf 93' lang='lat' dir='ltr'><strong>uon</strong></span> <span class='ocrx_word' id='word_1_719' title='bbox 1641 4637 1692 4695; x_wconf 90' lang='lat' dir='ltr'><strong>est</strong></span> <span class='ocrx_word' id='word_1_720' title='bbox 1701 4634 1744 4695; x_wconf 89' lang='lat' dir='ltr'><strong>ab</strong></span> <span class='ocrx_word' id='word_1_721' title='bbox 1758 4635 1836 4696; x_wconf 89' lang='lat' dir='ltr'><strong>obe·</strong></span> 
     </span>
    </p>

    <p class='ocr_par' dir='ltr' id='par_1_25' title="bbox 1043 4710 1854 5417">
     <span class='ocr_line' id='line_1_119' title="bbox 1044 4710 1687 4776; baseline 0 -5"><span class='ocrx_word' id='word_1_722' title='bbox 1044 4710 1171 4773; x_wconf 89' lang='lat' dir='ltr'><strong>dientiio</strong></span> <span class='ocrx_word' id='word_1_723' title='bbox 1186 4713 1259 4771; x_wconf 90' lang='lat' dir='ltr'><strong>voto</strong></span> <span class='ocrx_word' id='word_1_724' title='bbox 1276 4710 1454 4772; x_wconf 89' lang='lat' dir='ltr'><strong>absolutus.</strong></span> <span class='ocrx_word' id='word_1_725' title='bbox 1684 4772 1687 4776; x_wconf 77' lang='grc'>,</span> 
     </span>
     <span class='ocr_line' id='line_1_120' title="bbox 1084 4788 1854 4870; baseline 0.001 -20"><span class='ocrx_word' id='word_1_726' title='bbox 1084 4788 1265 4852; x_wconf 82' lang='lat' dir='ltr'><strong>Auctoritas</strong></span> <span class='ocrx_word' id='word_1_727' title='bbox 1280 4788 1355 4849; x_wconf 89' lang='lat' dir='ltr'><strong>verb</strong></span> <span class='ocrx_word' id='word_1_728' title='bbox 1368 4788 1602 4862; x_wconf 88' lang='lat' dir='ltr'><strong>Ecclesiastici,</strong></span> <span class='ocrx_word' id='word_1_729' title='bbox 1617 4807 1691 4868; x_wconf 79' lang='lat' dir='ltr'><strong>qua</strong></span> <span class='ocrx_word' id='word_1_730' title='bbox 1704 4791 1739 4851; x_wconf 92' lang='lat' dir='ltr'><strong>iu</strong></span> <span class='ocrx_word' id='word_1_731' title='bbox 1753 4807 1834 4851; x_wconf 92' lang='lat' dir='ltr'><strong>eou-</strong></span> <span class='ocrx_word' id='word_1_732' title='bbox 1848 4804 1854 4870; x_wconf 76' lang='grc' dir='ltr'><em>ζ</em></span> 
     </span>
     <span class='ocr_line' id='line_1_121' title="bbox 1044 4866 1852 4947; baseline -0.002 -16"><span class='ocrx_word' id='word_1_733' title='bbox 1044 4868 1180 4931; x_wconf 79' lang='lat' dir='ltr'><strong>tranium</strong></span> <span class='ocrx_word' id='word_1_734' title='bbox 1198 4866 1359 4945; x_wconf 80' lang='lat' dir='ltr'><strong>objicitur,</strong></span> <span class='ocrx_word' id='word_1_735' title='bbox 1380 4867 1586 4946; x_wconf 75' lang='lat' dir='ltr'><strong>intelligenda</strong></span> <span class='ocrx_word' id='word_1_736' title='bbox 1605 4871 1655 4930; x_wconf 91' lang='lat' dir='ltr'><strong>est</strong></span> <span class='ocrx_word' id='word_1_737' title='bbox 1674 4873 1852 4947; x_wconf 76' lang='lat' dir='ltr'><strong>quantum¹</strong></span> 
     </span>
     <span class='ocr_line' id='line_1_122' title="bbox 1044 4944 1835 5023; baseline -0.001 -14"><span class='ocrx_word' id='word_1_738' title='bbox 1044 4945 1084 5009; x_wconf 91' lang='lat' dir='ltr'><strong>ad</strong></span> <span class='ocrx_word' id='word_1_739' title='bbox 1100 4945 1162 5009; x_wconf 91' lang='lat' dir='ltr'><strong>hoc</strong></span> <span class='ocrx_word' id='word_1_740' title='bbox 1173 4944 1260 5023; x_wconf 85' lang='lat' dir='ltr'><strong>qudd</strong></span> <span class='ocrx_word' id='word_1_741' title='bbox 1276 4962 1335 5007; x_wconf 91' lang='lat' dir='ltr'><strong>nee</strong></span> <span class='ocrx_word' id='word_1_742' title='bbox 1355 4944 1531 5008; x_wconf 83' lang='lat' dir='ltr'><strong>iocunditas</strong></span> <span class='ocrx_word' id='word_1_743' title='bbox 1549 4948 1674 5022; x_wconf 89' lang='lat' dir='ltr'><strong>carnis,</strong></span> <span class='ocrx_word' id='word_1_744' title='bbox 1692 4966 1751 5009; x_wconf 91' lang='lat' dir='ltr'><strong>nec</strong></span> <span class='ocrx_word' id='word_1_745' title='bbox 1767 4947 1835 5009; x_wconf 89' lang='lat' dir='ltr'><strong>ali-</strong></span> 
     </span>
     <span class='ocr_line' id='line_1_123' title="bbox 1044 5024 1854 5105; baseline 0 -20"><span class='ocrx_word' id='word_1_746' title='bbox 1044 5024 1130 5101; x_wconf 88' lang='lat' dir='ltr'><strong>quod</strong></span> <span class='ocrx_word' id='word_1_747' title='bbox 1157 5024 1324 5103; x_wconf 88' lang='lat' dir='ltr'><strong>corporale</strong></span> <span class='ocrx_word' id='word_1_748' title='bbox 1354 5024 1474 5085; x_wconf 91' lang='lat' dir='ltr'><strong>bouum</strong></span> <span class='ocrx_word' id='word_1_749' title='bbox 1504 5030 1553 5087; x_wconf 91' lang='lat' dir='ltr'><strong>est</strong></span> <span class='ocrx_word' id='word_1_750' title='bbox 1581 5026 1854 5105; x_wconf 83' lang='lat' dir='ltr'><strong>comparandum·</strong></span> 
     </span>
     <span class='ocr_line' id='line_1_124' title="bbox 1045 5102 1854 5181; baseline 0.002 -16"><span class='ocrx_word' id='word_1_751' title='bbox 1045 5104 1131 5165; x_wconf 91' lang='lat' dir='ltr'><strong>bono</strong></span> <span class='ocrx_word' id='word_1_752' title='bbox 1155 5102 1375 5174; x_wconf 80' lang='lat' dir='ltr'><strong>coutinentia,</strong></span> <span class='ocrx_word' id='word_1_753' title='bbox 1400 5120 1473 5181; x_wconf 80' lang='lat' dir='ltr'><strong>quac</strong></span> <span class='ocrx_word' id='word_1_754' title='bbox 1498 5103 1583 5165; x_wconf 88' lang='lat' dir='ltr'><strong>inter</strong></span> <span class='ocrx_word' id='word_1_755' title='bbox 1608 5105 1695 5168; x_wconf 88' lang='lat' dir='ltr'><strong>bona</strong></span> <span class='ocrx_word' id='word_1_756' title='bbox 1719 5105 1854 5167; x_wconf 74' lang='lat' dir='ltr'><strong>anima&#39;</strong></span> 
     </span>
     <span class='ocr_line' id='line_1_125' title="bbox 1043 5181 1836 5339; baseline 0.003 -18"><span class='ocrx_word' id='word_1_757' title='bbox 1043 5186 1323 5339; x_wconf 48' lang='lat' dir='ltr'><strong>idalii-tid</strong></span> <span class='ocrx_word' id='word_1_758' title='bbox 1346 5181 1836 5325; x_wconf 70' lang='lat' dir='ltr'><strong>tldtsldlllt.lbl⁰</strong></span> 
     </span>
     <span class='ocr_line' id='line_1_126' title="bbox 1143 5292 1836 5334; baseline 0.006 -3"><span class='ocrx_word' id='word_1_759' title='bbox 1143 5304 1150 5319; x_wconf 91' lang='lat'><strong>·</strong></span> <span class='ocrx_word' id='word_1_760' title='bbox 1237 5303 1257 5331; x_wconf 86' lang='lat' dir='ltr'><strong>·v</strong></span> <span class='ocrx_word' id='word_1_761' title='bbox 1334 5304 1343 5319; x_wconf 90' lang='lat'><strong>·</strong></span> <span class='ocrx_word' id='word_1_762' title='bbox 1456 5304 1464 5334; x_wconf 83' lang='lat' dir='ltr'><strong>s</strong></span> <span class='ocrx_word' id='word_1_763' title='bbox 1572 5304 1580 5321; x_wconf 83' lang='lat'><em>⁰</em></span> <span class='ocrx_word' id='word_1_764' title='bbox 1812 5292 1836 5307; x_wconf 78' lang='lat'><strong>‘</strong></span> 
     </span>
     <span class='ocr_line' id='line_1_127' title="bbox 1295 5278 1835 5417; baseline 0.007 -18"><span class='ocrx_word' id='word_1_765' title='bbox 1295 5278 1383 5399; x_wconf 50' lang='lat' dir='ltr'><strong>liade</strong></span> <span class='ocrx_word' id='word_1_766' title='bbox 1398 5338 1564 5417; x_wconf 76' lang='lat' dir='ltr'><strong>signanter</strong></span> <span class='ocrx_word' id='word_1_767' title='bbox 1578 5338 1709 5411; x_wconf 86' lang='lat' dir='ltr'><strong>dieitur,</strong></span> <span class='ocrx_word' id='word_1_768' title='bbox 1725 5341 1835 5403; x_wconf 72' lang='lat' dir='ltr'><strong>mosa</strong></span> 
     </span>
    </p>
   </div>
   <div class='ocr_carea' id='block_1_21' title="bbox 1506 3690 1830 3770">
    <p class='ocr_par' dir='ltr' id='par_1_26' title="bbox 1506 3690 1830 3770">
     <span class='ocr_line' id='line_1_128' title="bbox 1506 3690 1830 3770; baseline -0.037 -16"><span class='ocrx_word' id='word_1_769' title='bbox 1506 3690 1637 3768; x_wconf 90' lang='lat' dir='ltr'><strong>aliquod</strong></span> <span class='ocrx_word' id='word_1_770' title='bbox 1650 3692 1830 3770; x_wconf 76' lang='lat' dir='ltr'><strong>periculum</strong></span> 
     </span>
    </p>
   </div>
   <div class='ocr_carea' id='block_1_22' title="bbox 205 5410 1661 5569">
    <p class='ocr_par' dir='ltr' id='par_1_27' title="bbox 205 5410 1661 5569">
     <span class='ocr_line' id='line_1_129' title="bbox 205 5410 1661 5569; baseline -0.05 -67"><span class='ocrx_word' id='word_1_771' title='bbox 205 5444 267 5501; x_wconf 89' lang='lat' dir='ltr'><strong>test</strong></span> <span class='ocrx_word' id='word_1_772' title='bbox 281 5436 484 5569; x_wconf 56' lang='lat' dir='ltr'><strong>contingere,</strong></span> <span class='ocrx_word' id='word_1_773' title='bbox 500 5426 527 5486; x_wconf 92' lang='lat' dir='ltr'><strong>si</strong></span> <span class='ocrx_word' id='word_1_774' title='bbox 542 5422 583 5485; x_wconf 89' lang='lat' dir='ltr'><strong>sit</strong></span> <span class='ocrx_word' id='word_1_775' title='bbox 597 5410 813 5480; x_wconf 88' lang='lat' dir='ltr'><strong>essentialiter</strong></span> <span class='ocrx_word' id='word_1_776' title='bbox 825 5422 991 5470; x_wconf 80' lang='lat' dir='ltr'><strong>annexum</strong></span> <span class='ocrx_word' id='word_1_777' title='bbox 1044 5417 1245 5485; x_wconf 48' lang='lat' dir='ltr'><strong>mmmm,</strong></span> <span class='ocrx_word' id='word_1_778' title='bbox 1259 5434 1325 5479; x_wconf 62' lang='lat' dir='ltr'><strong>„0ss</strong></span> <span class='ocrx_word' id='word_1_779' title='bbox 1341 5418 1446 5477; x_wconf 48' lang='lat' dir='ltr'><strong><em>camis</em></strong></span> <span class='ocrx_word' id='word_1_780' title='bbox 1460 5418 1661 5482; x_wconf 42' lang='lat' dir='ltr'><strong><em>commis·</em></strong></span> 
     </span>
    </p>
   </div>
   <div class='ocr_carea' id='block_1_23' title="bbox 207 5486 991 5733">
    <p class='ocr_par' dir='ltr' id='par_1_28' title="bbox 207 5486 991 5733">
     <span class='ocr_line' id='line_1_130' title="bbox 207 5486 991 5592; baseline -0.047 -11"><span class='ocrx_word' id='word_1_781' title='bbox 207 5518 237 5579; x_wconf 83' lang='lat' dir='ltr'><strong>ei</strong></span> <span class='ocrx_word' id='word_1_782' title='bbox 260 5517 301 5580; x_wconf 93' lang='lat' dir='ltr'><strong>ad</strong></span> <span class='ocrx_word' id='word_1_783' title='bbox 321 5528 386 5592; x_wconf 90' lang='lat' dir='ltr'><strong>quo</strong></span> <span class='ocrx_word' id='word_1_784' title='bbox 430 5508 541 5567; x_wconf 89' lang='lat' dir='ltr'><strong>votam</strong></span> <span class='ocrx_word' id='word_1_785' title='bbox 573 5492 814 5582; x_wconf 78' lang='lat' dir='ltr'><strong>solemnizatur.</strong></span> <span class='ocrx_word' id='word_1_786' title='bbox 844 5486 915 5547; x_wconf 91' lang='lat' dir='ltr'><strong>Nou</strong></span> <span class='ocrx_word' id='word_1_787' title='bbox 942 5487 991 5577; x_wconf 78' lang='lat' dir='ltr'><strong>est</strong></span> 
     </span>
     <span class='ocr_line' id='line_1_131' title="bbox 207 5566 990 5657; baseline -0.046 0"><span class='ocrx_word' id='word_1_788' title='bbox 207 5600 315 5657; x_wconf 88' lang='lat' dir='ltr'><strong>autem</strong></span> <span class='ocrx_word' id='word_1_789' title='bbox 332 5583 545 5651; x_wconf 88' lang='lat' dir='ltr'><strong>essentialiter</strong></span> <span class='ocrx_word' id='word_1_790' title='bbox 558 5588 723 5638; x_wconf 81' lang='lat' dir='ltr'><strong>annexum</strong></span> <span class='ocrx_word' id='word_1_791' title='bbox 734 5568 874 5631; x_wconf 89' lang='lat' dir='ltr'><strong>debitum</strong></span> <span class='ocrx_word' id='word_1_792' title='bbox 889 5566 990 5625; x_wconf 91' lang='lat' dir='ltr'><strong>conti-</strong></span> 
     </span>
     <span class='ocr_line' id='line_1_132' title="bbox 209 5642 990 5733; baseline -0.045 2"><span class='ocrx_word' id='word_1_793' title='bbox 209 5672 327 5733; x_wconf 78' lang='lat' dir='ltr'><strong>nentia</strong></span> <span class='ocrx_word' id='word_1_794' title='bbox 345 5663 456 5729; x_wconf 89' lang='lat' dir='ltr'><strong>Ordini</strong></span> <span class='ocrx_word' id='word_1_795' title='bbox 473 5674 585 5731; x_wconf 91' lang='lat' dir='ltr'><strong>sacro,</strong></span> <span class='ocrx_word' id='word_1_796' title='bbox 606 5650 660 5714; x_wconf 87' lang='lat' dir='ltr'><strong>sed</strong></span> <span class='ocrx_word' id='word_1_797' title='bbox 679 5666 720 5710; x_wconf 88' lang='lat' dir='ltr'><strong>ex</strong></span> <span class='ocrx_word' id='word_1_798' title='bbox 742 5648 860 5709; x_wconf 89' lang='lat' dir='ltr'><strong>statuto</strong></span> <span class='ocrx_word' id='word_1_799' title='bbox 881 5642 990 5705; x_wconf 85' lang='lat' dir='ltr'><strong>Eccle-</strong></span> 
     </span>
    </p>
   </div>
   <div class='ocr_carea' id='block_1_24' title="bbox 209 5720 990 5814">
    <p class='ocr_par' dir='ltr' id='par_1_29' title="bbox 209 5720 990 5814">
     <span class='ocr_line' id='line_1_133' title="bbox 209 5720 990 5814; baseline -0.041 -2"><span class='ocrx_word' id='word_1_800' title='bbox 209 5750 266 5812; x_wconf 78' lang='lat' dir='ltr'><strong>sia</strong></span> <span class='ocrx_word' id='word_1_801' title='bbox 281 5768 288 5811; x_wconf 78' lang='lat' dir='ltr'><strong>s</strong></span> <span class='ocrx_word' id='word_1_802' title='bbox 304 5746 388 5808; x_wconf 87' lang='lat' dir='ltr'><strong>unde</strong></span> <span class='ocrx_word' id='word_1_803' title='bbox 401 5742 524 5813; x_wconf 88' lang='lat' dir='ltr'><strong>videtur</strong></span> <span class='ocrx_word' id='word_1_804' title='bbox 537 5730 621 5814; x_wconf 90' lang='lat' dir='ltr'><strong>qiiod</strong></span> <span class='ocrx_word' id='word_1_805' title='bbox 636 5725 875 5809; x_wconf 89' lang='lat' dir='ltr'><strong>perEcclesiam</strong></span> <span class='ocrx_word' id='word_1_806' title='bbox 889 5720 990 5801; x_wconf 90' lang='lat' dir='ltr'><strong>possit</strong></span> 
     </span>
    </p>
   </div>
   <div class='ocr_carea' id='block_1_25' title="bbox 1043 5552 1833 5795">
    <p class='ocr_par' dir='ltr' id='par_1_30' title="bbox 1043 5552 1833 5795">
     <span class='ocr_line' id='line_1_134' title="bbox 1043 5552 1833 5622; baseline -0.003 -2"><span class='ocrx_word' id='word_1_807' title='bbox 1043 5562 1222 5621; x_wconf 75' lang='lat' dir='ltr'><strong>Anniculus</strong></span> <span class='ocrx_word' id='word_1_808' title='bbox 1240 5574 1298 5618; x_wconf 91' lang='grc' dir='ltr'>ιιι.</span> <span class='ocrx_word' id='word_1_809' title='bbox 1317 5587 1355 5600; x_wconf 88' lang='grc'>-</span> <span class='ocrx_word' id='word_1_810' title='bbox 1374 5552 1486 5619; x_wconf 79' lang='lat' dir='ltr'><strong>Utriim</strong></span> <span class='ocrx_word' id='word_1_811' title='bbox 1505 5556 1548 5618; x_wconf 86' lang='lat' dir='ltr'><strong>od</strong></span> <span class='ocrx_word' id='word_1_812' title='bbox 1567 5560 1833 5622; x_wconf 79' lang='lat' dir='ltr'><strong>commutationem</strong></span> 
     </span>
     <span class='ocr_line' id='line_1_135' title="bbox 1082 5635 1833 5777; baseline -0.003 -78"><span class='ocrx_word' id='word_1_813' title='bbox 1082 5636 1130 5699; x_wconf 79' lang='lat' dir='ltr'><strong>osi</strong></span> <span class='ocrx_word' id='word_1_814' title='bbox 1149 5635 1408 5727; x_wconf 70' lang='lat' dir='ltr'><strong>dispensationes</strong></span> <span class='ocrx_word' id='word_1_815' title='bbox 1424 5635 1492 5697; x_wconf 89' lang='lat' dir='ltr'><strong>ooti</strong></span> <span class='ocrx_word' id='word_1_816' title='bbox 1510 5637 1690 5717; x_wconf 80' lang='lat' dir='ltr'><strong>requiratur</strong></span> <span class='ocrx_word' id='word_1_817' title='bbox 1706 5635 1833 5777; x_wconf 62' lang='lat' dir='ltr'><strong>pratuli</strong></span> 
     </span>
     <span class='ocr_line' id='line_1_136' title="bbox 1083 5712 1830 5795; baseline 0.001 -18"><span class='ocrx_word' id='word_1_818' title='bbox 1083 5721 1313 5777; x_wconf 75' lang='lat' dir='ltr'><strong>auctoritas-</strong></span> <span class='ocrx_word' id='word_1_819' title='bbox 1328 5712 1439 5795; x_wconf 71' lang='lat' dir='ltr'><strong>(Sap,</strong></span> <span class='ocrx_word' id='word_1_820' title='bbox 1453 5722 1513 5775; x_wconf 85' lang='lat' dir='ltr'><strong>ort.</strong></span> <span class='ocrx_word' id='word_1_821' title='bbox 1528 5714 1701 5793; x_wconf 81' lang='lat' dir='ltr'><strong>1,ud5;et</strong></span> <span class='ocrx_word' id='word_1_822' title='bbox 1736 5716 1830 5792; x_wconf 69' lang='lat' dir='ltr'><strong>,dest</strong></span> 
     </span>
    </p>
   </div>
   <div class='ocr_carea' id='block_1_26' title="bbox 0 0 2053 6164">
    <p class='ocr_par' dir='ltr' id='par_1_31' title="bbox 0 0 2053 6164">
     <span class='ocr_line' id='line_1_137' title="bbox 0 0 2053 6164; baseline 0 0"><span class='ocrx_word' id='word_1_823' title='bbox 0 0 2053 6164; x_wconf 95' lang='lat' dir='ltr'><strong> </strong></span> 
     </span>
    </p>
   </div>
  </div>
 </body>
</html>
