4067 6175
258 265 309 326 att
699 261 829 322 sum
843 261 1070 322 annotantem
1088 260 1246 324 stellans
1263 261 1441 324 emutuit.
1834 269 1896 330 892

257 399 355 446 amne
367 397 449 462 opus
463 379 584 460 peceati
604 377 722 443 dicitnr
735 378 869 452 servite,
889 377 953 442 alia
967 376 1044 442 verb
1098 377 1311 450 macetum
1331 378 1514 461 hujusmodi
1532 380 1638 456 laetat,
1653 381 1771 462 quibus
1792 385 1889 449 salus

257 463 397 525 servitus
423 465 472 522 est
497 460 564 539 qua
590 461 686 520 bomo
723 458 820 520 servit
846 457 1047 520 bominirest
1098 458 1242 536 corporis
1256 464 1476 522 conservatur.
1487 459 1525 523 Et
1540 466 1671 539 propter
1683 461 1744 525 boc
1754 461 1895 527 010000-

257 545 365 604 001000
380 541 476 601 bomo
495 539 626 600 atterius
642 555 773 610 servus,
789 553 854 596 non
871 533 1047 599 secundnm
1098 538 1237 599 001000
1255 537 1440 620 polluerunt
1462 541 1629 602 sabbatum
1651 547 1832 621 pugnantes
1848 545 1893 606 ad

258 624 409 694 mentem,
425 617 480 681 sed
494 614 810 694 secundbmcorpus,
824 622 973 694 utsupra
989 615 1047 678 ba·
1099 615 1149 678 sul
1172 615 1388 679 defensionem
1412 617 1463 679 die
1491 619 1637 694 sabbati,
1664 625 1700 681 ut
1722 621 1841 702 legitur
1871 625 1891 684 1

260 699 362 761 bitum
375 703 434 774 est,
451 715 507 777 qu.
524 696 581 758 100
593 740 602 760 .
615 699 676 759 art.
692 693 728 769 0,
744 699 775 756 01
787 699 847 758 art.
861 694 893 769 o,
904 695 944 756 ad
960 695 996 768 ¹3
1015 698 1047 756 et
1098 694 1354 758 Maenabeornm
1379 695 1414 768 23
1438 697 1584 760 similiter
1605 717 1663 761 nec
1680 700 1776 762 etiam
1797 701 1894 764 Elias

259 776 332 840 ideo
345 793 444 857 opera
461 775 593 839 servilia
615 771 791 837 secuodvlm
811 774 872 835 hoc
895 773 1048 839 dicuntur
1099 773 1745 854 103100001001010000110(1100000011.
1761 779 1800 839 Et
1812 799 1896 858 pro-

259 855 597 937 operacorporalia,in
610 853 729 933 quibus
741 869 827 915 unus
841 852 1044 916 bomoalteri
1098 859 1169 931 pter
1193 853 1253 916 boc
1274 855 1369 916 etiam
1389 856 1556 930 Dominus,
1571 857 1681 922 010110.
1695 856 1743 930 10,
1753 865 1895 926 excusat

260 937 375 1009 aervit;
399 936 492 998 tertia
508 940 617 996 autem
633 942 680 996 est
696 932 834 995 servitus
850 930 919 1004 Dei,
944 937 977 993 et
990 950 1048 994 se-
1098 931 1270 1011 discipulos
1288 951 1364 996 suos
1381 935 1437 1014 qui
1455 935 1647 1015 colligebant
1662 935 1766 1015 spicas
1782 939 1816 998 in
1836 939 1894 1002 dia

260 1012 400 1080 0001100
426 1015 489 1076 000
510 1031 591 1093 opus
616 1012 733 1075 servile
754 1014 863 1091 posset
880 1009 941 1072 dici
965 1028 1047 1090 opus
1099 1012 1223 1074 sabbati
1234 1019 1364 1092 propter
1377 1013 1596 1078 necessitatem
1608 1031 1704 1094 quarn
1720 1017 1894 1096 patieban-

258 1093 372 1164 latrioe,
382 1091 467 1174 quod
477 1093 613 1172 pertinet
626 1091 667 1154 ad
681 1091 739 1153 Ilei
755 1089 933 1153 servitium.
943 1088 976 1151 Si
988 1107 1047 1153 au·
1099 1096 1163 1152 tur.
1177 1090 1331 1156 Similiter
1339 1091 1435 1156 etiam
1447 1110 1527 1172 opus
1541 1095 1717 1173 corporale,
1730 1095 1817 1192 quod
1830 1115 1896 1157 or·-

259 1180 324 1236 tem
343 1173 390 1235 sic
404 1171 601 1253 intelligatur
612 1187 694 1250 opus
713 1171 840 1244 servile,
858 1169 1047 1248 00000001-
1098 1169 1228 1232 dinatar
1241 1171 1281 1233 ad
1296 1172 1430 1234 salutem
1445 1173 1643 1252 corporalem
1659 1174 1803 1244 alterius,
1819 1194 1894 1238 non

260 1251 354 1332 betur
367 1253 401 1314 in
419 1250 470 1315 die
490 1251 628 1323 sabbati,
646 1249 723 1329 quia
740 1249 802 1311 boc
815 1253 901 1311 esset
916 1254 1049 1310 contra-
1099 1255 1148 1311 est
1157 1254 1268 1312 contra
1276 1251 1510 1314 observantiam
1519 1252 1641 1314 sabbati
1654 1271 1662 1314 :
1676 1254 1760 1315 unde
1769 1254 1897 1316 dicitur

260 1335 345 1393 rium
362 1329 418 1393 lini
436 1329 670 1394 observationis
687 1328 824 1391 sabbati.
839 1328 944 1389 Homo
960 1328 1047 1389 enim
1098 1328 1193 1390 toan.
1205 1330 1236 1403 ’1,
1258 1327 1297 1390 03
1317 1349 1325 1389 :
1343 1329 1431 1394 01101·
1445 1329 1668 1410 10111000οἰ01.
1735 1333 1769 1394 ia
1787 1341 1894 1394 totam

259 1410 298 1474 ad
315 1411 374 1474 boc
387 1412 429 1473 ab
442 1410 514 1473 aliis
531 1409 682 1488 operibus
700 1408 841 1471 abstinet
854 1407 888 1468 in
901 1405 952 1468 die
969 1407 1049 1470 sab-
1099 1406 1252 1470 bominem
1278 1405 1397 1471 solcum
1419 1409 1478 1491 [eci
1506 1411 1541 1473 in
1563 1409 1686 1472 sabbato
1735 1411 1895 1476 Similiter

261 1489 339 1565 bati,
366 1495 405 1552 01
422 1492 514 1551 vacet
534 1488 687 1567 operibus
711 1485 752 1549 ad
777 1486 836 1549 Dei
858 1485 1047 1549 servitutem
1100 1487 1196 1550 etiam
1210 1504 1292 1567 opus
1304 1489 1483 1566 corporale,
1498 1488 1585 1568 quod
1595 1488 1761 1552 ordinatur
1772 1491 1811 1553 00
1828 1493 1893 1552 in.-

302 1569 507 1633 rtiuentibus.
520 1567 560 1627 Et
573 1567 647 1629 iude
660 1569 709 1628 est
720 1564 818 1645 qaod,
833 1566 916 1628 sicut
930 1564 1048 1627 dicitur
1100 1566 1224 1628 minens
1255 1566 1407 1629 damnum
1433 1567 1480 1629 rei
1507 1569 1675 1631 exterioris
1699 1569 1890 1646 vitantium,

277 1648 397 1724 0001,
418 1648 471 1723 01,
491 1644 860 1711 circumciriancmbarno
875 1643 991 1725 occipit
1012 1645 1049 1707 in
1101 1661 1165 1705 000
1185 1644 1283 1709 violat
1306 1647 1494 1720 sabbatum3
1522 1647 1605 1709 unde
1619 1647 1694 1711 dicit
1716 1649 1890 1724 Dominus,

259 1726 398 1797 sabbato,
423 1736 460 1788 ut
486 1743 553 1787 nan
578 1725 719 1788 solvatur
741 1724 794 1786 tea
824 1724 881 1786 Ma
904 1723 942 1785 n'.
970 1722 1048 1786 Inde
1099 1723 1211 1786 010110.
1229 1723 1332 1799 10,οε
1349 1725 1551 1802 Quiscritca
1565 1725 1752 1788 vobisbomo
1768 1727 1893 1809 quiba-

260 1807 356 1870 etiam
383 1810 432 1868 est
453 1804 550 1884 quod,
570 1804 654 1866 sicut
674 1803 790 1866 dicitur
810 1803 862 1864 110
914 1846 922 1861 .
946 1800 996 1875 10,
1015 1800 1047 1878 0,
1100 1799 1148 1863 bct
1161 1820 1361 1874 anamoocrn,
1374 1803 1402 1868 si
1416 1803 1561 1866 acciderit
1573 1803 1697 1868 sabbato
1712 1806 1888 1890 infossam,

259 1883 394 1948 sabbatis
411 1882 584 1946 sacerdotes
605 1882 641 1946 in
658 1883 770 1961 ternpta
791 1879 953 1944 sabbatam
971 1879 1050 1942 oia·-
1098 1899 1203 1942 nonne
1215 1880 1340 1952 tenebit,
1355 1891 1384 1946 ct
1398 1883 1509 1946 levabit
1522 1903 1596 1945 earn.

260 1962 338 2033 tant,
351 1963 383 2024 id
395 1970 455 2038 est,
464 1961 674 2042 corporaliter
685 1962 718 2022 in
729 1961 862 2024 sabbato
871 1964 1049 2039 operantur
1139 1959 1187 2022 10
1210 1966 1363 2040 quartum
1383 1961 1551 2025 dicendum
1575 1963 1661 2044 quod
1680 1964 1887 2031 observantia

261 2051 289 2102 st
302 2043 368 2104 sinc
382 2041 511 2105 crirniac
525 2050 610 2102 sant.
632 2042 671 2101 Et
686 2041 733 2102 sic
752 2040 849 2102 etiam
866 2038 1048 2103 sacerdotes
1099 2036 1162 2101 diei
1179 2039 1344 2104 dominicas
1368 2042 1402 2103 iu
1424 2039 1507 2104 nova
1529 2043 1599 2123 lege
1618 2044 1756 2106 succedit
1774 2046 1885 2108 obser-

259 2122 294 2182 iu
311 2122 446 2184 sabbato
460 2119 719 2183 circumferentes
736 2135 846 2182 arcam
857 2134 923 2180 non
935 2122 1050 2180 trans·
1100 2119 1218 2183 vautie
1231 2120 1367 2195 sabbati,
1383 2137 1447 2182 000
1462 2122 1547 2182 ervi
1563 2122 1711 2202 precepti
1727 2124 1756 2184 le
1780 2123 1887 2196 10000

283 2200 488 2263 rediebantur
501 2203 694 2278 praeceptum
707 2196 747 2259 de
760 2197 884 2259 sabbati
897 2199 1049 2260 observa·
1100 2215 1140 2260 ex
1150 2197 1533 2262 constitutionettcclesia
1546 2204 1581 2262 et·
1590 2209 1747 2268 consuetu
1767 2204 1822 2265 ioe
1831 2221 1891 2284 po-

261 2220 359 2342 ficus.
370 2279 521 2342 Similiter
532 2278 629 2341 etiam
640 2276 760 2340 nullius
770 2276 946 2356 spiritualis
956 2274 1047 2340 acttis
1099 2277 1167 2355 puli
1190 2277 1369 2341 christiani.
1386 2279 1549 2342 Necenim
1570 2281 1752 2360 hujusmodi
1772 2283 1893 2344 obser-

260 2357 449 2422 exercitium
464 2364 513 2421 est
527 2363 639 2420 contra
652 2355 890 2419 observantiam
910 2355 1046 2431 sabbati,
1101 2355 1186 2418 vatio
1200 2361 1248 2419 est
1263 2357 1427 2438 figularis,
1442 2358 1525 2420 sicut
1544 2359 1603 2420 ibit
1619 2361 1800 2422 observatio
1814 2365 1893 2424 sab-

283 2436 340 2502 uti
357 2439 386 2502 si
401 2439 474 2517 quis
493 2435 605 2498 doceat
619 2437 717 2499 verbo
735 2435 787 2498 vei
807 2433 938 2513 scripto.
960 2433 1048 2496 Unde
1101 2435 1166 2497 bati
1186 2435 1219 2497 in
1240 2436 1342 2499 veteri
1360 2437 1441 2518 lege.
1460 2437 1500 2500 Et
1512 2438 1582 2500 ideb
1596 2456 1660 2506 non
1674 2443 1723 2500 est
1739 2440 1784 2502 ita
1797 2445 1891 2504 arcta

260 2457 404 2580 Komba
414 2517 490 2579 dicit
511 2517 625 2578 Glossa
647 2513 729 2595 (ard.
745 2513 847 2594 0rig.,
862 2512 999 2574 nomas
1013 2513 1047 2575 10
1125 2513 1273 2576 robibitio
1288 2515 1440 2596 operandi
1454 2517 1487 2578 in
1507 2517 1557 2580 die
1572 2517 1742 2592 dominica,
1757 2519 1845 2582 sicut
1858 2521 1890 2582 in

261 2596 369 2669 Num„
380 2613 453 2675 sup.
477 2594 555 2657 illud
575 2614 583 2655 ε
603 2593 663 2657 Dic
686 2600 788 2656 auton
810 2591 947 2732 sabbati)
962 2591 1050 2670 qnbd
1100 2531 1150 2655 310
1165 2595 1306 2668 sabbati;
1323 2595 1378 2656 sed
1392 2595 1537 2675 quadam
1552 2613 1650 2674 opera
1666 2598 1889 2660 conceduntur

261 2671 907 2818 800ήοὶ001000οῶ001100000110010010
940 2670 1050 2734 iesab-
1100 2671 1133 2733 in
1146 2671 1450 2752 dietomtnnaque
1471 2675 1503 2736 iu
1523 2675 1572 2736 die
1592 2677 1714 2738 sabbati
1734 2679 1891 2755 probibe-

281 2755 338 2822 att'.
352 2754 451 2817 lector
480 2760 582 2846 catam
595 2751 710 2847 divina
723 2750 810 2832 lepis,
824 2750 873 2813 oet
886 2750 1049 2842 doctorali
1101 2751 1237 2846 bantur,
1250 2753 1333 2815 sicut
1354 2753 1495 2846 decoctio
1509 2755 1674 2846 01000000,
1696 2753 1890 2850 01011000-

262 2833 1050 2989 ttttttttttltttattttttllttltttt
1097 2830 1267 2988 ltilttn
1287 2834 1891 2992 tintinantintinniit

262 2991 401 3062 violant,
426 3001 453 3052 st
468 2991 536 3053 rinc
550 2989 679 3052 crimine
689 2997 774 3050 sant.
797 2988 857 3050 Sed
870 2989 933 3050 alia
949 3004 1050 3065 opera
1101 2994 1256 3128 pensatur
1277 2989 1310 3051 in
1332 2987 1417 3052 aava
1435 2987 1532 3069 quim
1547 2992 1579 3051 in
1599 2991 1698 3053 veteri
1711 2993 1795 3074 lege.
1811 2995 1889 3071 quia

262 3069 403 3145 servilia,
418 3066 976 3149 00000000000011000000οι
991 3085 1050 3130 se-
1112 3085 1204 3148 00000
1226 3069 1363 3149 pertinet
1384 3070 1424 3131 ad
1447 3072 1718 3149 protestationem,
1729 3071 1886 3144 veritatis,

262 3149 366 3211 cundo
381 3148 486 3224 modo,
501 3148 962 3212 contrarianturobservantiae
975 3149 1050 3209 sab·
1101 3146 1198 3225 quam
1209 3149 1313 3211 necin
1328 3149 1451 3213 modico
1461 3150 1622 3228 praeterire
1632 3156 1775 3229 oportet;
1790 3169 1886 3231 opera

264 3229 341 3303 bati,
367 3228 400 3291 in
423 3234 581 3308 quantum
601 3227 645 3289 im
668 3226 777 3299 ediunt
803 3225 1050 3304 applicationem
1101 3233 1208 3289 autem
1234 3226 1408 3290 secundam
1434 3246 1468 3290 se
1496 3228 1698 3293 considerata
1723 3230 1887 3295 immutari

262 3304 402 3370 hominis
433 3307 473 3373 ad
499 3306 618 3370 divina.
646 3246 686 3367 Et
718 3305 797 3384 quia
826 3304 926 3384 magis
949 3305 1048 3366 bomo
1101 3310 1236 3383 possunt
1248 3323 1306 3384 pro
1320 3307 1390 3367 loco
1403 3310 1434 3370 et
1448 3311 1600 3387 tempore.

264 3387 307 3447 im
330 3387 436 3449 editur
457 3384 477 3451 0
500 3388 597 3449 rebus
622 3384 738 3447 (livinis
755 3402 814 3463 per
832 3401 914 3463 opus
927 3384 1049 3463 peccati
1100 3386 1281 3447 narremus
1302 3404 1332 3445 v.
1355 3420 1393 3430 -
1414 3384 1526 3447 Utrsim
1545 3386 1765 3450 convenienter
1782 3388 1888 3451 trada-

262 3483 306 3544 qu
383 3484 442 3545 per
461 3482 543 3546 opus
562 3465 695 3540 licitum,
719 3463 867 3543 quamvis
881 3462 1050 3542 sitcorpo·
1142 3472 1352 3545 turqaortnm
1385 3474 1548 3545 receptum
1562 3463 1813 3530 dehonoratione
1847 3488 1888 3531 o.-

262 3546 343 3619 rale,
356 3544 428 3609 ideb
442 3546 543 3627 magis
558 3549 671 3607 contra
692 3543 753 3605 boc
770 3548 963 3621 preceptum
982 3542 1050 3622 agit
1140 3552 1271 3603 rentum.
1289 3482 1384 3624 —lg
1396 3542 1469 3605 dist.
1486 3542 1536 3614 37,
1552 3553 1613 3606 art.
1632 3545 1662 3621 t,
1678 3556 1780 3640 poert.
1796 3486 1846 3625 25

263 3624 321 3703 qui
352 3630 463 3705 peccat
491 3624 525 3685 in
556 3622 608 3686 die
638 3623 731 3695 testo,
757 3620 856 3701 quim
881 3621 939 3699 qui
961 3621 1050 3683 aliud
1141 3621 1883 3703 11000101000οἱ00000001100.1.11001000000

263 3700 679 3797 0000000100·ορυο11011001
710 3699 795 3765 iacit.
822 3699 911 3795 Unde
935 3701 1051 3781 Augu·
1100 3700 1362 3795 inconvenienter
1375 3702 1519 3764 tradatur
1532 3709 1681 3782 quartum
1697 3713 1889 3799 praeceptum

263 3786 367 3845 straus
384 3782 461 3843 tren
481 3798 514 3842 m
534 3781 588 3873 lab.
608 3780 647 3842 de
661 3779 769 3842 decem
783 3779 935 3872 Chordis,
944 3796 1015 3859 cap.
1030 3779 1050 3841 3
1100 3778 1363 3843 dehonoratione
1376 3786 1557 3859 parentum.
1575 3782 1641 3844 Hoc
1653 3800 1739 3845 0000
1750 3793 1887 3863 0010000-

262 3865 338 3923 ante
364 3859 472 3954 meda
497 3857 615 3951 1101010
636 3859 750 3952 {meret
770 3858 901 3920 dadano
920 3876 958 3951 tn
970 3876 1049 3951 apra
1102 3857 1888 3957 00010000000000110011001010101000.50001001

261 3936 1051 4096 :stititltztttmttttttttttttt
1101 3942 1889 4157 100000011003000000

263 4096 367 4159 ianam
379 4097 528 4178 forment,
541 4094 634 4189 qudm
645 4094 728 4176 quoa
742 4096 810 4157 rota
823 4094 919 4157 dicia
931 4113 1051 4157 mame·
1101 4099 1213 4174 quest.
1239 4096 1308 4171 101,
1330 4094 1389 4157 100
1408 4100 1440 4157 01
1460 4114 1529 4235 000.
1577 4115 1635 4178 rgo
1655 4097 1778 4159 videtur
1799 4098 1891 4179 0000

262 4177 326 4239 niis
343 4176 409 4239 aa
427 4174 583 4256 impadacd
598 4174 760 4237 saltarent.
779 4174 852 4236 Non
867 4179 975 4238 autem
993 4175 1050 4252 qui
1101 4190 1166 4235 nan
1181 4175 1289 4238 debuit
1305 4174 1373 4237 dari
1392 4176 1530 4253 speciae
1547 4177 1791 4257 praeceptumde
1809 4180 1892 4257 pie-

263 4260 374 4335 peccat
385 4254 600 4351 venialitervin
619 4254 753 4316 sabbato
766 4257 878 4347 contra
890 4254 952 4316 bac
964 4270 1051 4333 0000-
1102 4258 1176 4327 1010,
1194 4250 1266 4315 ebm
1282 4254 1320 4314 tle
1333 4253 1405 4316 aliis
1421 4271 1485 4348 000
1499 4253 1602 4316 detur.
1825 4335 1833 4350 ·

261 4333 1050 4504 011010110οἏ1111111100101011131
1101 4331 1502 4503 ,titillantia
1516 4332 1889 4491 ,lilttlttlllt

262 4493 462 4572 spiritualem
484 4491 540 4553 Dei
566 4492 688 4553 cultum
711 4508 776 4552 000
797 4492 991 4570 pertinentia
1014 4492 1049 4553 iu
1101 4490 1468 4570 sanguineconpunetis.
1485 4496 1515 4553 et
1530 4493 1643 4571 patriae
1656 4492 1837 4563 benevolis,
1851 4498 1884 4553 ut

262 4576 387 4633 1001010
410 4571 540 4638 servilis
555 4570 718 4644 dicuutur,
742 4570 776 4631 in
788 4574 947 4649 quantum
965 4588 1049 4649 pro-
1100 4582 1199 4649 supra
1210 4567 1328 4631 dictum
1343 4572 1401 4643 est,
1420 4576 1533 4649 quest.
1550 4571 1620 4643 101,
1634 4578 1694 4635 001.
1712 4572 1731 4633 1·
1743 4576 1774 4634 01
1787 4572 1818 4631 0.
1833 4572 1883 4632 10-

263 4648 332 4729 prid
355 4650 513 4729 pertinent
540 4649 580 4712 ad
608 4650 801 4721 servientes;
830 4650 863 4710 in
890 4653 1049 4727 quantum
1101 4647 1328 4711 convenienter
1349 4663 1425 4728 ergo
1449 4652 1482 4711 iu
1508 4650 1569 4711 boc
1591 4656 1707 4729 quarto
1728 4656 1878 4731 precepto

262 4729 340 4791 verb
351 4735 429 4791 sunt
445 4728 627 4791 communia
641 4729 742 4792 servis
756 4734 789 4791 et
802 4728 930 4799 liberis,
944 4729 1050 4790 servi·
1102 4726 1136 4789 iit
1159 4727 1279 4789 mentio
1300 4720 1403 4789 saltim
1430 4727 1469 4792 de
1492 4729 1706 4793 honoratione
1732 4728 1826 4811 patris
1845 4730 1873 4787 et

263 4808 306 4871 lia
319 4826 385 4870 000
401 4808 561 4871 dicuntur.
577 4807 716 4883 Quilibet
733 4812 841 4870 autom
857 4812 923 4869 tam
934 4824 1047 4871 servus
1100 4804 1223 4867 matris.

262 4884 362 4965 00000
379 4887 461 4949 liber
478 4893 606 4950 tenetur
623 4887 657 4948 in
675 4886 866 4949 necessariis
881 4885 1049 4963 providero
1139 4884 1169 4946 3.
1184 4885 1350 4959 Praeterea,
1364 4886 1550 4963 parentibus
1561 4883 1742 4949 nonsolvim
1754 4884 1878 4948 debetur

262 4984 329 5027 000
344 4964 468 5029 tantirm
480 4967 561 5043 sibi,
577 4965 741 5029 sedetiam
754 4966 922 5045 proximo:
938 4964 1050 5044 praci-
1100 4963 1232 5026 honoris
1254 4965 1456 5039 reverentia,
1481 4964 1535 5027 sed
1559 4967 1655 5029 etiam
1678 4964 1880 5031 sustentatio.

263 5044 326 5124 poe
339 5043 468 5125 quidem
484 5046 517 5108 iu
542 5045 591 5107 bis
609 5062 682 5124 que
695 5043 734 5107 ad
747 5046 883 5108 salutem
903 5060 941 5106 00
982 5045 1047 5107 oris
1100 5042 1184 5123 Ergo
1199 5042 1428 5106 insufficienter
1447 5044 1516 5107 sola
1530 5052 1700 5124 parentum
1715 5042 1886 5107 honoratio

262 5125 434 5204 pertinent,
452 5124 626 5188 secundum
641 5121 921 5196 111000000.00,0
935 5141 944 5182 :
993 5140 1050 5184 rue
1101 5122 1293 5201 praecipitur.

263 5201 1049 5286 000001000000000001000000000000οω
1141 5201 1171 5261 b.
1194 5202 1361 5277 00010000,
1378 5202 1533 5283 contingit
1546 5204 1741 5282 quandoque
1755 5201 1841 5282 quod
1856 5202 1889 5262 bi

262 5284 359 5345 etiam
376 5281 812 5358 intamnomromvitanao,
829 5278 1051 5343 0000001000-
1101 5282 1157 5359 qui
1185 5281 1346 5342 bonorant
1369 5288 1529 5359 parentes,
1554 5282 1617 5346 citb
1636 5284 1839 5347 moriuntur:
1858 5286 1892 5343 01

262 5362 317 5424 lud
330 5364 459 5426 Denter.
470 5360 521 5435 00,
537 5362 553 5422 1
575 5359 674 5424 :Nan
686 5360 803 5423 videbis
822 5357 1049 5500 booemgratris
1102 5358 1119 5419 0
1132 5360 1292 5421 contrario
1307 5360 1363 5438 qui
1378 5366 1527 5438 parentes
1543 5378 1609 5423 000
1632 5361 1815 5435 honorant,
1833 5359 1892 5422 diii

264 5443 322 5513 rat,
331 5453 386 5503 aut
399 5460 483 5505 ocern
492 5446 655 5510 marnam,
666 5448 694 5501 et
699 5437 886 5520 preteritis,
896 5457 928 5499 sc
956 5438 1050 5500 reda·
1101 5440 1227 5498 vivunt.
1260 5438 1525 5501 inconvenienter
1553 5458 1630 5521 erpo
1659 5440 1787 5505 additur
1814 5440 1894 5501 baia

263 5540 311 5583 ces
328 5520 425 5604 [ratri
445 5527 512 5581 tao.
531 5518 572 5581 iit
589 5518 754 5599 10000000
772 5512 942 5599 corporale
952 5518 1050 5597 perti-
1101 5521 1260 5596 precepto
1285 5517 1351 5579 brec
1371 5518 1542 5595 promissio
1563 5538 1571 5579 s
1596 5521 1640 5583 ur
1662 5520 1894 5597 0010000000

264 5618 344 5663 0000
359 5600 399 5664 ad
411 5600 666 5662 conservandam
680 5600 815 5662 salutem
827 5596 947 5678 proprii
970 5614 1050 5661 cor·
1102 5612 1195 5675 saper
1210 5606 1332 5656 terram.

263 5678 898 5757 porisnonviolatsabbatum:nonenim
911 5680 960 5743 est
973 5693 1050 5739 con·
1141 5676 1178 5737 10
1192 5674 1388 5737 eontrarium
1406 5678 1454 5739 est
1471 5694 1569 5742 saorra
1584 5676 1755 5759 Scriptura
1774 5680 1891 5743 aucto-

264 5762 315 5821 tra
326 5758 565 5823 observantiam
578 5760 704 5824 sabbati
717 5758 801 5838 quod
817 5758 933 5839 0110010
959 5773 1046 5825 com·
1105 5755 1192 5819 ritas
