4067 6175
259 273 316 335 ω
684 270 816 331 sedule
835 271 1064 333 daemonica
1082 272 1239 335 SECUNDA
1258 276 1437 338 SECUNllAE.
1838 288 1890 347 tet

261 391 330 451 scat
346 386 425 449 vitia
444 402 555 447 rernm
575 401 648 463 qum
661 382 854 477 venduntur.
873 384 934 445 Sed
950 384 1049 449 homo
1142 390 1188 451 dd
1206 393 1381 454 secundnm
1396 392 1563 455 dicendum
1583 396 1669 475 qudd
1687 409 1888 493 nonoportel

260 484 328 528 non
340 470 468 528 tenetur
481 464 612 525 cuilibet
624 463 793 524 consilium
806 462 896 535 dare,
909 468 941 523 et
957 464 1049 525 veri·
1124 467 1188 529 udd
1206 470 1323 548 aliquis
1344 490 1404 551 per
1422 487 1601 551 praeconem
1620 476 1730 537 vitium
1747 496 1793 539 rer
1811 498 1889 542 ven-

257 548 358 606 tetem
374 543 481 605 dicere
495 541 537 604 de
554 542 604 633 bis
622 558 695 618 quie
712 541 874 631 pertinent
891 541 932 633 ad
947 541 1049 605 virtu·
1100 484 1211 609 dende
1223 552 1427 626 praenuntiet,
1441 551 1519 628 quio
1531 553 1557 613 si
1570 554 1755 630 prediceret
1764 557 1886 631 vitium,

258 628 336 696 tem,
351 622 500 700 quamvis
518 620 599 682 nulli
618 618 733 681 debeat
745 616 849 709 dicere
862 616 1045 681 falsitatem.
1100 628 1888 721 exterrerenturemptoresabemendo‚ddmlgno-

258 700 344 779 Ergo
360 696 585 761 multominus
607 700 733 758 tenetur
745 694 891 757 venditor
904 698 981 760 vitia
999 698 1046 759 rei
1099 707 1210 763 carent
1222 704 1302 765 alias
1317 706 1514 769 conditiones
1535 710 1594 781 rei,
1611 708 1786 773 secundum
1805 732 1885 791 quus

262 778 395 839 rendilre
414 776 531 851 dicere,
550 775 644 856 quasi
662 773 833 835 eonsilium
852 774 957 837 dando
980 794 1047 836 em·
1099 784 1149 839 cst
1160 781 1244 841 bona
1257 788 1288 841 et
1300 784 1399 845 utilis.
1415 785 1475 847 Sed
1488 787 1538 847 sin
1562 786 1697 849 ulariter
1713 790 1886 852 cstdicen-

258 856 355 935 pleri.
1099 856 1174 916 dum
1187 858 1298 919 vitium
1313 863 1359 922 rei
1380 862 1410 923 ei
1429 864 1486 940 qui
1508 881 1527 925 a
1566 866 1735 927 emendum
1754 870 1884 941 accedit,

296 934 328 994 l.
342 936 509 1004 Praeterea,
521 932 548 994 ei
559 930 675 1008 aliquis
686 933 835 991 teneatur
844 929 948 992 dicere
962 930 1047 993 dete
1099 935 1155 1011 qui
1173 940 1278 1013 potest
1295 939 1389 1000 simul
1405 958 1516 1003 omnes
1531 943 1731 1005 conditiones
1747 946 1786 1006 ad
1800 946 1885 1007 invi·
2012 968 2013 971 ¹

257 1016 345 1074 ctum
359 1012 406 1074 rei
419 1011 565 1083 venditae,
574 1010 636 1070 hoc
650 1025 715 1068 non
729 1013 779 1069 est
795 1010 858 1069 nisi
871 1014 908 1068 ut
920 1009 1046 1073 minua·
1098 1029 1167 1073 cem
1181 1031 1379 1093 comparare,
1396 1022 1497 1081 bonas
1517 1026 1548 1081 ct
1565 1021 1678 1083 malas.
1701 1023 1787 1084 Nihil
1800 1028 1885 1085 enim

256 1095 311 1152 tur
320 1091 358 1153 de
372 1090 486 1168 pretio.
513 1088 572 1150 Sed
595 1086 790 1164 quandoque
812 1087 1045 1151 diminueretur
1098 1091 1246 1167 prohibet
1266 1112 1333 1155 rem
1354 1095 1388 1157 in
1406 1098 1517 1177 aliquo
1540 1099 1704 1174 vitiosam,
1722 1101 1756 1161 in
1777 1104 1886 1167 multis

254 1170 295 1230 de
308 1169 411 1247 pretio
423 1168 519 1229 etiem
532 1170 654 1243 absque
671 1165 748 1236 vitio
762 1165 808 1225 rei
824 1164 958 1227 vendite
970 1184 1045 1245 pro-
1098 1168 1171 1229 aliis
1187 1170 1298 1232 utilem
1312 1190 1394 1235 esse.

258 1252 328 1325 pter
341 1246 463 1323 aliquid
477 1244 586 1317 alind3
604 1242 681 1321 puta
696 1242 724 1303 si
739 1242 886 1304 venditor
898 1242 1044 1307 deserens
1136 1246 1183 1305 Ad
1198 1250 1327 1311 tertium
1342 1251 1509 1313 dicendum
1522 1252 1606 1332 qudd
1623 1256 1771 1332 quamvis
1785 1258 1883 1320 bomo

256 1325 396 1386 triticum
410 1323 449 1386 nd
462 1325 579 1395 locum,
597 1323 652 1382 ubi
664 1326 711 1381 est
725 1322 864 1383 charitas
880 1321 1042 1395 frumenti,
1097 1340 1163 1384 non
1179 1329 1326 1389 teneatur
1339 1329 1524 1409 simpliciter
1544 1332 1630 1392 omni
1645 1334 1766 1395 homini
1781 1335 1885 1399 dicere

254 1404 336 1466 sciat
360 1402 476 1463 mullos
504 1404 576 1479 post
598 1417 633 1461 sc
655 1398 780 1473 venire,
802 1399 859 1477 qui
881 1399 1042 1474 delerant3
1096 1402 1263 1465 veritatem
1283 1407 1322 1467 de
1339 1408 1389 1469 his
1410 1426 1483 1486 quae
1504 1411 1664 1487 pertinent
1678 1412 1717 1472 ad
1738 1414 1882 1489 virtutes,

278 1480 341 1542 uod
354 1481 381 1543 si
392 1481 528 1542 sciretur
536 1480 579 1541 ab
587 1478 777 1551 ementibus,
788 1478 893 1539 minus
904 1478 1044 1555 pretium
1096 1482 1223 1543 tenetur
1236 1486 1342 1545 tamen
1358 1486 1391 1545 in
1405 1504 1483 1547 casu
1497 1488 1553 1549 illo
1567 1488 1605 1549 de
1619 1488 1668 1550 his
1684 1490 1788 1553 dicere
1802 1493 1885 1552 veri-

251 1500 378 1623 :iarent
393 1556 584 1638 llujnsmodi
597 1561 705 1617 autem
720 1574 786 1617 uon
800 1561 926 1647 oportet
937 1556 1043 1619 dicere
1096 1561 1193 1619 tatem
1208 1562 1338 1639 quando
1356 1582 1398 1626 ex
1418 1564 1487 1643 ejus
1503 1564 1585 1626 iacto
1599 1567 1690 1627 alteri
1705 1570 1883 1646 pericnlum

256 1638 463 1709 venditorem,
472 1636 652 1697 utridetur.
665 1634 752 1713 Ergo
762 1650 832 1713 pari
847 1634 971 1697 ratione
983 1652 1044 1699 nec
1093 1636 1275 1700 immineret
1288 1640 1322 1701 in
1336 1641 1562 1703 detrimentum
1576 1644 1714 1717 virtutis,
1724 1646 1787 1708 nisi
1801 1647 1884 1709 dice·

254 1716 332 1777 vitia
344 1716 391 1776 rei
402 1715 548 1777 venditae.
977 1728 981 1738 ·
1093 1719 1144 1775 rct
1157 1716 1340 1793 veritatem3
1355 1726 1387 1780 et
1400 1721 1445 1781 sic
1460 1724 1508 1781 est
1521 1720 1554 1781 in
1568 1725 1742 1799 proposito.

292 1790 352 1854 Sed
374 1797 487 1854 eontra
506 1794 554 1853 est
574 1788 660 1868 quod
679 1790 867 1851 Ambrosius
880 1789 955 1852 dicit
970 1790 1005 1851 in
1023 1791 1042 1851 3
1133 1793 1180 1854 Ad
1195 1803 1347 1871 quartum
1361 1798 1529 1859 dicendum
1543 1798 1629 1877 qudd
1643 1800 1754 1864 vitium
1767 1804 1814 1865 rei
1833 1802 1883 1866 ia-

253 1871 337 1934 libro
353 1872 391 1932 de
406 1870 511 1942 effic,
524 1887 594 1946 cap.
609 1868 663 1938 10,
681 1866 797 1945 pordm
814 1866 834 1929 d
852 1868 954 1945 princ.
974 1869 1042 1930 :le
1094 1868 1137 1930 cit
1164 1888 1230 1933 rem
1266 1874 1300 1935 in
1327 1876 1476 1953 presenti
1503 1894 1575 1939 esse
1601 1878 1735 1941 minoris
1764 1882 1881 1944 valoris

253 1949 469 2012 contractibus
490 1948 570 2009 oilie
592 1963 697 2006 eorum
712 1964 780 2025 que
791 1954 924 2006 veneunt
945 1947 1043 2027 predi
1093 1946 1365 2026 qualmvideatur;
1380 1954 1435 2015 sed
1451 1954 1484 2013 in
1504 1970 1583 2017 casu
1596 1958 1813 2033 praemisso,in
1829 1960 1883 2020 iu-

251 2026 419 2096 lubenter,-
433 2044 470 2087 ce
481 2026 546 2088 ulei
556 2025 747 2087 intimaverit
756 2024 912 2093 uenditor,
927 2043 1042 2105 quam*
1093 2030 1203 2087 turum
1227 2046 1278 2091 res
1306 2030 1494 2110 expectetur
1512 2050 1586 2094 esse
1609 2036 1741 2099 minoris
1762 2038 1882 2099 valoris

252 2106 300 2167 eis
319 2105 355 2167 ie
365 2105 423 2185 jur
443 2103 591 2185 emptoris
611 2103 815 2172 transierint,
834 2101 901 2164 doli
917 2102 1042 2165 actione
1092 2120 1151 2181 per
1159 2113 1386 2197 superventum
1401 2110 1714 2190 negotiatorumqui
1724 2115 1766 2175 ab
1775 2133 1883 2175 emon·

248 2191 440 2247 vacuentur.
852 2260 856 2265 ‚
1093 2182 1178 2244 tibus
1206 2190 1390 2263 ignoratum
1417 2184 1502 2249 unde
1525 2190 1670 2250 venditor
1689 2192 1746 2269 qui
1774 2194 1882 2253 vendit

289 2260 478 2339 Respondeo
492 2259 661 2321 dicendum
677 2257 762 2337 qudd
777 2256 854 2319 dare
868 2257 965 2320 alicui
978 2276 1040 2321 oc-
1092 2278 1161 2320 rem
1189 2263 1365 2331 secundum
1388 2266 1526 2343 pretium
1553 2268 1640 2345 quod
1659 2269 1792 2340 invenit,
1815 2288 1880 2331 non

250 2341 414 2403 cerionem
428 2338 561 2417 periculi
576 2339 627 2399 rel
641 2336 750 2398 damni
766 2354 894 2415 semper
910 2343 959 2399 est
974 2338 1040 2398 illi·
1094 2337 1217 2400 videtnr
1232 2347 1343 2404 contra
1353 2342 1510 2422 justitiam
1526 2343 1640 2419 lacere,
1656 2346 1782 2424 siquod
1798 2348 1883 2407 lutu-

250 2418 371 2491 citum3
395 2417 545 2495 quamvis
567 2432 634 2477 non
653 2416 696 2477 eit
715 2416 933 2476 necessarium
953 2414 1039 2493 qudd
1091 2420 1234 2479 rum'est
1255 2437 1325 2480 non·
1340 2428 1493 2500 exponat.
1514 2420 1545 2482 Si
1569 2426 1676 2485 tamen
1691 2430 1879 2503 exponeret,

250 2496 348 2557 bomo
363 2494 456 2557 alteri
473 2511 600 2571 semper
616 2492 669 2554 det
688 2493 847 2553 auxilium
863 2492 914 2555 vel
930 2496 1042 2554 consi·
1094 2492 1191 2555 uelde
1205 2498 1307 2574 pretio
1320 2498 1532 2571 subtraberet,
1544 2500 1787 2562 abundantioris
1798 2509 1882 2564 esset

249 2573 329 2635 lium
344 2572 508 2652 pertinens
528 2570 568 2632 ad
587 2571 658 2650 ejus
675 2570 946 2649 qualemcumque
961 2588 1041 2650 pro-
1091 2574 1234 2645 virtutis3
1249 2576 1396 2653 quamvis
1411 2576 1450 2639 ad
1465 2577 1526 2638 hoc
1540 2594 1605 2638 non
1619 2579 1764 2641 videatur
1777 2581 1880 2642 teneri

248 2651 442 2722 motionem
458 2648 514 2711 sed
526 2649 588 2711 boc
600 2646 705 2711 soldm
716 2653 764 2709 est
774 2650 992 2710 necessarium
1004 2650 1038 2710 in
1092 2650 1274 2730 exjustitia
1287 2651 1404 2715 debito.

250 2730 361 2807 aliquo
375 2745 454 2790 casu
464 2727 687 2798 determinato,
699 2723 779 2805 putd
790 2722 864 2787 cum
873 2726 957 2789 nlius
968 2727 1038 2806 ejus
1091 2729 1272 2792 Anniculus
1304 2748 1346 2793 tv.
1378 2766 1416 2776 —
1440 2730 1552 2795 Utnlm
1577 2730 1668 2795 liceat
1690 2733 1879 2813 negotiando

250 2823 336 2870 curre
360 2806 519 2878 subditur,
536 2806 587 2868 rel
610 2802 683 2866 edm
707 2819 774 2865 non
798 2806 904 2883 potest
927 2804 956 2865 ei
981 2823 1040 2883 per
1130 2806 1252 2887 aliquid
1282 2806 1406 2872 ederitis
1432 2808 1562 2872 vreden
1588 2810 1680 2891 qudm
1705 2828 1811 2873 cenae.
1841 2845 1879 2858 -

249 2885 351 2947 alium
373 2883 549 2945 subveniri.
573 2882 728 2944 Venditor
745 2889 874 2956 antem,
895 2884 1039 2961 quirem
1132 2882 1172 2964 (0
1196 2904 1260 2946 ure.
1277 2886 1326 2960 13,
1343 2905 1410 2979 cap.
1426 2888 1470 2968 3.)

87 2990 145 3030 ·,
250 2962 448 3024 vendendam
463 2958 1037 3039 proponit‚exbocipsodatemptori
1131 2966 1155 3023 Α
1187 2969 1337 3041 quartum
1352 2963 1880 3045 sicproceditur.1.liidetnrqudd

249 3039 358 3104 damni
373 3040 424 3103 vel
438 3039 573 3119 periculi
588 3038 802 3131 occasionem,
816 3037 902 3175 quod
915 3055 982 3100 rem
993 3039 1039 3100 ri·
1091 3058 1156 3102 non
1168 3042 1264 3128 liceat
1270 3043 1460 3123 negotiando
1471 3042 1592 3121 aliquid
1603 3042 1731 3108 charius
1742 3046 1881 3108 uendere

247 3121 367 3212 tineam
381 3119 410 3180 ei
428 3117 534 3212 ollert,
549 3118 576 3178 si
592 3135 634 3179 ex
647 3133 717 3194 equs
727 3121 813 3208 'vitto
843 3133 974 3177 amnum
988 3119 1038 3211 vel
1091 3117 1189 3198 quam
1203 3137 1319 3182 emere.
1334 3123 1417 3184 Dicit
1428 3123 1515 3184 enim
1528 3123 1773 3261 Chrgsoetomns
1784 3123 1880 3205 (aliur

249 3198 431 3336 Hemculum
457 3213 623 3258 incurrere
649 3197 761 3273 possit.
786 3195 946 3256 Damnum
966 3213 1040 3274 qui·
1090 3197 1216 3336 auctor)
1244 3217 1342 3278 super
1372 3199 1483 3262 llatth.
1504 3200 1575 3279 sl(

271 3295 334 3350 em,
354 3275 381 3338 si
399 3279 530 3354 propter
551 3271 735 3352 hujusmodi
753 3271 868 3342 vitium
891 3289 942 3334 res
966 3291 1039 3353 quae
1091 3272 1215 3353 imper.
1237 3283 1311 3340 ante
1332 3278 1428 3370 med.)
1445 3297 1453 3338 t
1470 3201 1737 3360 Quicrtmqffrnehrep’re
1755 3201 1882 3360 {2223-

248 3353 416 3416 vendenda
430 3369 489 3432 pro
513 3354 622 3414 obitur
636 3349 768 3413 minoris
788 3351 829 3412 sit
845 3351 951 3428 prelii,
969 3352 1039 3432 ipse
1089 3353 1357 3434 ratmcbteqram
1375 3364 1403 3417 et
1414 3355 1770 3419 immutatcmoeedendo
1781 3357 1882 3419 lucre-

251 3432 328 3494 verd
342 3437 474 3512 propter
488 3372 671 3510 Knjusmodi
686 3428 799 3492 vitium
816 3429 894 3522 nibil
912 3429 950 3491 de
966 3448 1040 3508 pre·
1091 3440 1154 3500 tur,
1171 3431 1225 3494 ille
1238 3441 1281 3494 est
1301 3443 1466 3503 mercator,
1480 3433 1534 3514 qui
1549 3432 1586 3495 de
1599 3434 1708 3514 templo
1722 3435 1782 3497 Dei
1794 3435 1881 3528 ejici·

249 3512 295 3572 tio
314 3511 499 3582 subtrabat3
517 3509 697 3588 periculum
716 3511 839 3577 autem,
860 3525 886 3568 si
908 3515 1039 3586 propter
1092 3517 1163 3578 tur:
1189 3515 1220 3572 et
1243 3511 1325 3572 idem
1353 3511 1428 3573 dicit
1449 3511 1660 3575 Cassiodorus
1682 3529 1719 3574 su
1744 3530 1780 3574 er
1799 3513 1880 3575 illud

250 3589 433 3651 bu'nsmodi
444 3588 640 3650 vitiumusus
650 3587 696 3647 rei
709 3585 1037 3664 reddaturimpeditns
1092 3589 1205 3664 psalm.
1226 3589 1267 3649 'lll
1288 3608 1295 3648 :
1320 3589 1554 3665 Quoniamnee
1569 3592 1703 3670 cognovi
1717 3531 1882 3653 litterate·-

250 3685 290 3728 νε
329 3667 463 3737 noxius,
494 3663 573 3745 puta
599 3665 628 3727 si
658 3664 775 3742 aliquis
801 3663 897 3724 alicui
922 3665 1039 3726 vendat
1092 3683 1171 3734 rom,
1189 3667 1504 3746 interpellationem.
1520 3665 1880 3730 secundumaliamlit-

249 3741 1039 3882 telllllltffimlllb'ltlllllllllffl
1091 3745 1571 3887 tell-illlttttttdll
1592 3746 1880 3885 §.elefella

250 3898 319 3960 sive
329 3837 702 3987 venciensumprn’bono.
720 3897 808 3958 Unde
818 3897 845 3955 si
855 3838 1038 3976 bnjugmodi
1090 3839 1165 3962 velie
1178 3869 1369 3962 distrahere?
1384 3905 1416 3963 et
1429 3901 1554 3964 subdit:
1567 3841 1789 3982 Ιίνεροιίειονεε
1805 3904 1879 3962 tales

251 3976 328 4039 vitia
346 3975 411 4037 sint
426 3976 569 4050 occulta,
589 3981 622 4035 et
640 3992 708 4051 ipse
727 3991 791 4034 non
811 3974 956 4052 detegat,
978 3975 1039 4036 crit
1090 3977 1242 4040 Dominus
1258 3981 1346 4058 ejecit
1360 3979 1397 4040 de
1411 3981 1534 4062 templo.
1553 3979 1613 4042 Sed
1628 3978 1737 4040 nullus
1753 3977 1880 4058 ejicitur

248 4053 362 4117 illicita
372 4059 403 4115 et
415 4052 527 4115 dolosa
537 4051 693 4125 venditi03
709 4057 741 4113 et
753 4056 879 4114 tenetur
892 4050 1040 4115 venditor
1090 4053 1129 4115 de
1157 4059 1218 4117 tem
1243 4058 1273 4117 lo
1297 4057 1358 4119 nisi
1386 4063 1516 4136 propter
1538 4056 1669 4136 aliquod
1698 4063 1876 4135 peccatum.

249 4130 290 4196 ad
303 4131 411 4194 damni
424 4129 765 4210 recompensationem.
1090 4131 1115 4190 Ε
1155 4149 1174 4193 o
1188 4073 1259 4195 tofis
1274 4136 1448 4215 negotiatio
1460 4141 1509 4197 est
1521 4139 1697 4214 peccatum.

289 4213 321 4273 Si
340 4210 417 4274 vcrd
433 4210 547 4273 vitium
569 4211 611 4270 sit
627 4208 843 4282 manifestum,
862 4205 941 4287 putal
963 4205 1037 4270 crim
1152 4254 1159 4270 .
1181 4211 1350 4286 Praeterea,
1366 4217 1477 4276 contra
1490 4213 1645 4294 justitiam
1660 4220 1707 4274 est
1720 4211 1805 4290 qndd
1819 4211 1880 4274 ull-

247 4307 352 4370 equus
367 4293 415 4352 est
429 4288 631 4362 monoculus,
646 4286 698 4348 vel
715 4286 788 4348 cdm
807 4302 887 4347 usus
902 4287 962 4362 rei,
977 4287 1037 4349 etsi
1090 4287 1163 4364 qnis
1179 4306 1246 4349 rem
1261 4289 1389 4352 chariin
1404 4289 1627 4369 rendatqudm
1641 4291 1758 4358 ualeat,
1769 4291 1817 4351 rel
1833 4291 1879 4352 ri-

248 4387 316 4430 non
336 4372 496 4441 competat
515 4366 692 4439 venditori,
710 4369 816 4444 potest
834 4370 942 4425 temen
965 4381 1037 4426 esse
1090 4364 1152 4427 liius
1166 4370 1268 4440 emat,
1288 4374 1326 4431 ut
1340 4386 1382 4430 ex
1394 4369 1484 4431 dietis
1500 4375 1654 4448 apparet,
1670 4375 1730 4431 art.
1748 4370 1763 4429 l
1779 4369 1877 4448 hujus

248 4464 444 4509 conveniens
456 4445 581 4518 aliis,et
594 4445 621 4506 si
632 4445 700 4522 ipse
711 4446 843 4523 propter
853 4441 1036 4521 hujusmodi
1089 4459 1146 4580 gu.
1160 4443 1219 4505 Sed
1234 4445 1289 4506 ille
1302 4446 1358 4525 qui
1374 4447 1565 4526 negotiando
1579 4464 1647 4507 rem
1660 4443 1788 4508 cbarids
1802 4464 1880 4508 ren-

250 4525 364 4586 ritium
378 4525 547 4585 subtrahat
560 4519 751 4600 quantirmo
774 4525 858 4582 ortet
870 4520 909 4581 de
919 4521 1035 4598 pretio,
1110 4525 1133 4581 rt
1146 4520 1246 4599 quam
1259 4525 1373 4585 emerit
1385 4569 1393 4598 ,
1410 4543 1540 4588 necesse
1554 4529 1604 4586 est
1616 4524 1701 4602 qudd
1717 4520 1766 4586 rel
1780 4523 1877 4586 vilids

249 4618 314 4662 non
337 4606 464 4662 tenetur
486 4601 526 4663 ad
550 4541 819 4663 manifestandum
841 4599 955 4660 vitium
975 4599 1035 4672 rel,
1089 4600 1201 4662 emerit
1227 4599 1325 4678 qndm
1358 4604 1488 4676 valeat,
1515 4601 1566 4664 vel
1593 4600 1721 4664 charitis
1749 4603 1880 4666 vendat.

248 4681 327 4755 quia
341 4678 422 4739 torte
437 4685 569 4758 propter
585 4677 767 4758 hujusmodi
784 4679 897 4739 vitium
911 4682 1038 4755 emptor
1087 4675 1132 4736 Er
1153 4694 1173 4738 o
1188 4677 1248 4738 boc
1261 4679 1332 4742 sine
1344 4684 1474 4758 peceato
1489 4679 1557 4740 lieri
1570 4696 1635 4740 non
1651 4686 1766 4758 potest.

249 4757 345 4818 vellet
368 4757 441 4835 plus
467 4758 613 4819 subtrahi
641 4757 679 4819 de
706 4758 808 4836 pretio
828 4753 926 4833 qudm
952 4760 1037 4817 essct
1127 4695 1157 4816 ᾖ.
1177 4757 1345 4831 Praeterea,
1361 4757 1574 4838 Hieronymus
1589 4757 1681 4830 dicit,
1697 4758 1789 4835 epist.
1804 4757 1824 4816 2
1838 4757 1877 4818 ed

246 4834 513 4896 subtrahendum.
542 4833 631 4898 Unde
653 4839 758 4914 potest
785 4831 869 4895 licite
892 4830 1036 4896 venditor
1087 4831 1269 4912 Nepotian,
1291 4839 1366 4898 ante
1387 4837 1470 4898 med.
1494 4855 1503 4896 t
1531 4834 1766 4914 Negotiatorem
1779 4837 1880 4897 cleri-

248 4911 448 4976 indemnitati
468 4929 536 4976 suae
556 4915 741 4984 consulere,
756 4913 870 4975 vitium
888 4911 934 4973 rei
952 4912 1036 4974 reti·
1089 4929 1168 4980 cum,
1185 4929 1225 4972 eo·
1238 4915 1291 4976 ino
1316 4915 1476 4982 edicitem,
1496 4931 1534 4974 ee
1546 4911 1681 4990 ignobili
1693 4913 1876 4992 gloriosum,

246 4990 361 5052 cende.
1088 4990 1251 5070 quasique
1303 5011 1352 5052 em
1369 5001 1485 5072 pestem
1503 4992 1585 5071 [uqa.
1606 4990 1676 5052 Nou
1697 4997 1803 5052 autem
1817 5009 1881 5050 ne·-

288 5068 335 5130 ed
353 5067 495 5147 primum
508 5068 764 5148 ergodicendum
782 5065 866 5145 qudd
883 5065 1035 5128 'udicium
1088 5067 1220 5147 gotintio
1243 5069 1366 5131 clericis
1387 5069 1554 5131 interdicta
1575 5085 1646 5130 esse
1669 5069 1795 5130 videtur
1815 5069 1878 5128 nisi

248 5164 314 5208 non
331 5151 436 5226 potest
450 5147 520 5208 lieri
535 5148 597 5207 nisi
612 5147 649 5207 de
668 5164 703 5208 re
720 5086 899 5206 manufesti.
923 5143 1036 5206 Unus·
1087 5152 1219 5240 prepter
1239 5155 1414 5225 peccatum.
1436 5149 1520 5240 Ergo
1542 5147 1737 5227 negotiando
1756 5147 1877 5223 aliquid

245 5227 386 5305 quisque
398 5225 484 5288 enim
495 5224 615 5305 judicat
627 5222 902 5316 secundumnquod
916 5240 1035 5364 cofino-
1087 5223 1185 5284 vilius
1210 5242 1328 5299 emere,
1356 5233 1387 5288 et
1404 5225 1533 5288 cherilus
1555 5223 1705 5300 vendere,
1727 5232 1775 5286 est
1797 5243 1868 5302 pec-

247 5306 318 5376 scit,
333 5306 370 5365 ut
386 5303 502 5366 dicitur
515 5304 531 5363 1
543 5303 659 5376 nobie,
673 5319 743 5380 cap.
758 5300 835 5368 3.1n
850 5301 932 5362 med.
973 5301 1035 5363 nde
1088 5305 1208 5363 catum.

246 5383 274 5444 ei
299 5383 377 5446 vitia
401 5383 448 5446 rei
473 5399 545 5461 qne
564 5377 730 5445 vendenda
750 5380 951 5458 proponitur,
971 5381 1035 5440 sint
1127 5377 1186 5440 Sed
1201 5384 1312 5441 contre
1325 5382 1468 5457 estquod
1480 5381 1680 5460 Augustinus
1691 5378 1767 5442 dicit
1780 5397 1881 5455 snper

246 5464 384 5534 occulta,
398 5461 460 5524 nisi
480 5479 539 5540 per
554 5460 752 5523 venditorem
767 5457 1032 5530 manifestentur,
1087 5456 1166 5516 illud
1181 5459 1263 5534 psnl.
1277 5459 1319 5519 'ltl
1334 5477 1341 5516 :
1358 5458 1512 5532 Quocirca
1525 5477 1589 5519 non
1606 5461 1739 5537 cognovi
1752 5458 1882 5518 litteru-

247 5557 312 5600 uon
336 5541 532 5602 sufficienter
556 5538 765 5601 committitur
785 5537 919 5614 emptori
940 5535 1033 5615 judi·
1089 5542 1200 5602 turam,
1216 5535 1472 5606 conc.'1,dmed.
1490 5555 1497 5595 ε
1514 5537 1881 5674 Νεὶᾳοιίαεοναείᾰωαε-

245 5617 343 5677 cium.
359 5617 456 5681 Sectis
471 5625 578 5682 numm
593 5624 689 5693 esset,
706 5616 735 5679 si
748 5630 855 5679 essent
868 5616 943 5676 vitia
958 5633 1033 5678 ma·
1087 5614 1232 5691 quireedi
1254 5632 1314 5692 pro
1334 5613 1445 5675 damno
1467 5613 1553 5694 dlmp
1566 5626 1665 5682 renat.
1677 5633 1747 5695 pro
1765 5621 1881 5691 protus

247 5693 362 5758 niiesta
1087 5707 1191 5752 rerum
1206 5695 1356 5753 lectitetur
1374 5701 1401 5754 et
1415 5695 1547 5773 pejeret.
1573 5694 1633 5758 Sed
1653 5694 1714 5756 boee
1728 5693 1805 5755 eilia
1818 5689 1882 5750 lte—
