4067 6175
192 338 246 400 tbi
748 336 880 410 QUEM.
899 338 956 398 01.
977 337 1022 399 os
1041 337 1223 398 uenesclo.
1351 373 1354 382 ·
1771 345 1825 404 ebt

190 462 221 522 id
234 460 319 540 quod
330 479 394 522 non
405 456 982 540 babetlnmenteUndePbllosopbus
1034 455 1162 538 phoeni,
1172 452 1227 517 setl
1241 457 1371 536 propter
1383 453 1530 518 allectum
1546 469 1641 536 quem
1659 461 1771 527 babuit
1786 465 1827 530 sd

189 541 266 602 dicit
279 542 312 601 in
329 539 349 600 i
364 541 611 632 utAic.,eap.'1‚
629 535 715 617 quod
731 537 924 599 mendacium
939 547 984 599 est
1036 533 1442 614 salutempopull‚proqual
1454 536 1603 613 periculis
1613 557 1646 601 se
1659 545 1825 620 exposcite

189 615 678 759 biiiiiiiiiiim‘iffl
698 633 804 678 ...m
821 625 922 678 “'“‘”⁸
939 625 983 679 ‘⁸‘
1034 613 1730 757 essentienitittilsiitili
1756 625 1826 763 ‘il-¹⁵

369 717 388 757 a
431 716 451 756 a
513 738 523 758 ο
1710 717 1740 758 m
1793 721 1827 763 Ι*

231 775 318 836 Unde
330 792 424 837 omne
436 773 637 836 mendacium
650 780 698 834 est
709 777 887 852 peccalum,
901 773 984 838 sicut
1036 787 1108 830 eum
1125 769 1332 832 intellectum.
1592 713 1614 776 q
1741 719 1761 780 y

191 853 289 915 etiam
302 853 501 933 Augustinus
513 854 628 914 asserit
642 853 675 911 in
689 853 743 912 lib.
760 860 872 914 contra
890 853 983 915 Alen-
1075 847 1122 908 Ad
1143 853 1295 984 quartum
1321 846 1488 941 dicendum
1513 847 1599 926 quiid
1626 853 1827 919 mendacium

190 932 331 1004 dacium,
349 948 420 1009 cap.
433 932 461 991 1.
1035 941 1100 986 non
1114 941 1150 986 so
1163 943 1218 986 um
1232 925 1328 987 babet
1344 934 1501 986 renonem
1513 930 1634 1004 peceati
1652 949 1693 993 ex
1709 933 1828 997 damno

230 1009 279 1070 Ad
306 1011 445 1088 primum
467 1025 544 1089 ergo
569 1005 736 1068 dicendum
758 1005 843 1086 quod
870 1008 982 1070 necin
1035 1003 1121 1096 quod
1136 1003 1272 1064 infertur
1285 1005 1443 1081 proximo,
1460 1005 1515 1064 sed
1532 1023 1573 1066 ex
1585 1009 1644 1069 sud
1659 1010 1828 1076 inordina-

189 1087 384 1167 Eeangelio,
401 1088 508 1149 necin
523 1085 633 1166 aliqud
650 1085 813 1163 Scriptura
828 1085 984 1149 canonici
1036 1085 1133 1152 110111,
1146 1081 1309 1141 Addictum
1322 1081 1413 1142 estin
1426 1099 1513 1160 corp.
1528 1088 1588 1144 art.
1602 1086 1670 1146 Non
1684 1089 1757 1150 lieet
1767 1107 1826 1153 eu«

190 1165 243 1235 fas
264 1169 314 1226 est
336 1166 460 1244 opinari
486 1163 618 1243 aliquod
643 1159 760 1225 falsum
786 1163 899 1237 asseri,
923 1179 984 1226 nec
1036 1163 1098 1218 lem
1112 1158 1345 1238 diiqlldilliciid
1361 1159 1596 1222 inordinatione
1610 1165 1708 1227 utiad
1723 1167 1825 1246 impe·

190 1243 277 1321 quod
293 1244 465 1322 scriptores
486 1260 597 1305 earum
611 1241 812 1302 mendacium
830 1239 970 1302 dixerint
1034 1235 1182 1297 dieucum
1194 1237 1732 1316 auocamentaetdelectusaliorums
1744 1246 1827 1308 sieut

191 1319 494 1462 eaesis*
503 1287 983 1478 edessenunt
1035 1315 1827 1462 ssistiu.sanctissimum.

190 1479 225 1538 ln
237 1419 454 1558 Evangelioet
467 1478 499 1538 iu
509 1477 580 1539 aliis
589 1464 759 1554 scripturis
774 1476 874 1538 sacris
885 1479 983 1540 verba
1034 1487 1100 1562 ‘1¹¹⁰
1121 1473 1230 1535 omnia
1249 1478 1325 1534 111111
1342 1473 1536 1534 communit·
1559 1474 1598 1535 Ei
1610 1475 1681 1538 lded
1694 1441 1824 1544 non’esi

190 1555 376 1634 aliquorum
397 1553 611 1617 diversimode
632 1555 820 1627 recitantur,
846 1571 911 1616 non
934 1564 983 1617 est
1035 1545 1156 1610 licitum
1180 1551 1379 1613 menducium
1399 1551 1502 1612 dicere
1521 1552 1561 1612 ild
1581 1555 1641 1615 hoe
1654 1555 1739 1632 quod
1757 1557 1825 1619 ali*

191 1634 406 1697 mendacium.
424 1634 512 1696 Unde
527 1635 725 1709 Augustinus
744 1631 820 1693 dicit
839 1633 872 1692 in
891 1633 945 1694 lib.
963 1634 983 1693 2
1034 1627 1106 1704 uuis
1122 1629 1221 1690 alium
1234 1627 1253 1691 1
1265 1645 1468 1707 quocumque
1481 1631 1623 1766 periculo
1633 1633 1755 1695 liberet.
1768 1635 1830 1696 Ll—

191 1711 231 1771 de
241 1712 407 1774 consensu
419 1712 709 1791 Euangelistarum,
723 1727 793 1788 cap.
808 1709 857 1783 12,
869 1709 983 1789 parium
1034 1711 1083 1766 cet
1099 1711 1203 1767 tamen
1219 1709 1384 1768 veritatem
1402 1721 1480 1768 occu

192 1787 212 1851 a
229 1790 310 1852 med.
328 1810 337 1849 ε
353 1791 470 1851 «Nullo
489 1791 584 1852 modo
611 1788 821 1850 laborandum
839 1807 910 1850 esse
923 1790 983 1870 Ju-
1034 1783 1143 1862 alique
1154 1783 1424 1858 dissimulatione,
1440 1790 1477 1846 ut
1492 1787 1689 1866 Augustinus
1702 1789 1778 1851 dicit
1791 1793 1824 1853 ln

193 1867 302 1930 «dieat
320 1870 375 1948 qui
395 1868 569 1948 prudenter
586 1867 735 1947 intelligit
748 1867 835 1945 ipsas
855 1876 983 1929 senten·
1034 1860 1090 1921 lib·
1105 1863 1142 1923 de
1157 1863 1334 1936 Mendacio,
1351 1881 1387 1925 ⁰³
1415 1864 1671 1944 4011011111·

193 1947 279 2008 «tias
292 1965 366 2009 esse
380 1947 579 2010 necessarias
600 1946 826 2040 cognoscendis
841 1947 980 2018 veritati,
1074 1941 1119 2000 Ad
1128 1943 1282 2034 ‘quintum
1292 1881 1460 2002 dieenium
1469 1942 1553 2020 quod
1566 1945 1618 2005 ille
1632 1945 1688 2022 qui
1703 1944 1825 2024 aliquid

193 2025 414 2102 «quibuslibet
441 2027 548 2087 serbis
572 2025 691 2086 luerint
715 2023 922 2102 explicatas.»
945 2025 983 2086 Et
1035 2024 1198 2096 promittit,
1208 2021 1235 2082 si
1244 2020 1361 2081 habeat
1370 2021 1512 2082 animum
1523 2020 1748 2101 laciendlquod
1757 2039 1827 2102 pro·

192 2103 226 2162 in
236 2102 297 2164 boe
306 2108 441 2196 apparet
454 2102 625 2184 (utibidem
634 2101 752 2182 subdit)
766 2119 858 2164 «non
867 2101 983 2165 debere
1035 2097 1128 2158 mittit
1139 2114 1204 2159 non
1215 2099 1377 2168 mentitur,
1392 2100 1469 2175 quia
1481 2117 1544 2159 non
1562 2101 1570 2158 l
1617 2103 1825 2167 uiturcontra
1857 2150 1865 2170 .

179 2182 278 2246 lenos
293 2182 444 2244 arbitrari
458 2181 586 2242 mentiri
601 2195 815 2258 quemquam,
831 2179 858 2239 si
895 2181 983 2241 luri-
1034 2173 1064 2234 id
1087 2173 1173 2252 quod
1196 2175 1278 2256 gerit
1295 2179 1328 2236 in
1347 2180 1470 2246 mente:
1494 2177 1521 2237 si
1545 2197 1583 2239 ve
1644 2195 1708 2239 non
1731 2178 1824 2241 iaciat

178 2259 279 2351 5ebus
302 2259 580 2323 reminiscentibus
600 2276 671 2319 rem
693 2273 792 2393 guam
812 2257 983 2319 audierunt
1034 2251 1119 2328 quod
1134 2253 1295 2332 promisit,
1315 2259 1390 2315 tunc
1404 2254 1529 2316 videtur
1548 2256 1717 2318 infideliter
1728 2271 1825 2337 egere

192 2336 693 2411 «selvideruutmoneodemmo
715 2352 745 2407 ο,
757 2338 854 2412 atquc
863 2335 982 2398 eisdem
1035 2347 1092 2408 per
1113 2329 1175 2392 hoc
1194 2331 1280 2408 quod
1301 2333 1444 2394 animum
1463 2334 1576 2394 mutat.
1597 2335 1823 2408 Potesttamen

193 2416 327 2476 «verbis
339 2416 449 2478 eadem
464 2433 515 2476 res
531 2413 626 2475 luerit
637 2412 786 2474 indicata.
802 2434 817 2468 s
1035 2409 1183 2470 excusari
1199 2427 1240 2470 ex
1257 2409 1381 2471 duobus
1396 2429 1404 2469 s
1419 2427 1487 2471 uno
1500 2412 1611 2486 medo,
1632 2414 1657 2473 si
1678 2415 1825 2491 promisit

231 2491 279 2552 Ad
304 2493 479 2556 secundum
500 2491 669 2553 dicendum
684 2489 771 2568 qued
795 2491 981 2555 obstetrices
1034 2485 1064 2544 id
1082 2486 1166 2564 quod
1180 2487 1345 2550 manifeste
1358 2493 1407 2550 est
1419 2488 1579 2563 illicitum,
1594 2492 1671 2569 quia
1686 2493 1825 2570 promit-

192 2583 258 2630 non
273 2576 349 2632 sunt
364 2575 577 2633 remunerate
588 2585 648 2648 pro
660 2568 836 2642 mendacio,
856 2569 911 2630 sed
924 2587 982 2648 pro
1035 2565 1128 2625 tendo
1145 2567 1303 2646 peccavit,
1328 2565 1480 2627 mutando
1499 2573 1607 2630 autem
1625 2571 1825 2649 propositum

192 2648 307 2710 timore
320 2649 377 2710 Uei
390 2653 422 2712 et
437 2644 677 2720 benevolentis,
695 2663 736 2708 ex
749 2646 815 2740 gud
827 2650 983 2786 Ἧοεεεεὶῑ
1035 2641 1219 2733 1011111111
1235 2644 1420 2716 ullomodo,
1436 2645 1463 2705 si
1477 2651 1553 2707 sunt
1565 2653 1694 2710 mutate
1713 2649 1825 2709 condia

190 2726 402 2789 mendacium.
424 2727 512 2789 Unde
526 2727 692 2806 signanter
705 2723 822 2786 dicetur
860 2725 934 2786 xod.
950 2728 980 2802 1,
1035 2724 1136 2782 [lones
1158 2737 1370 2800 personarum
1392 2728 1423 2784 et
1442 2725 1653 2803 negotiorum.
1676 2727 1714 2788 Ut
1739 2727 1825 2804 enim

190 2802 228 2864 21
245 2804 313 2864 :Et
325 2807 400 2886 quie
411 2806 580 2868 timuerunt
595 2802 773 2866 obstetrices
787 2803 893 2871 Decus.
909 2804 983 2865 udi·
1033 2795 1153 2862 Seneca
1164 2801 1238 2861 dicit
1247 2801 1278 2860 in
1292 2799 1348 2862 lib.
1360 2799 1379 2860 A
1390 2801 1429 2861 de
1440 2801 1590 2878 Benene,
1601 2803 1724 2882 capsae
1735 2812 1765 2864 et
1773 2801 1824 2878 35,

191 2883 296 2961 necuit
320 2883 387 2946 illis
411 2883 527 2978 domos.
549 2881 751 2976 blendacium
772 2880 848 2944 serit
871 2887 984 2962 postea
1034 2876 1076 2970 ad
1087 2877 1146 2970 boc
1162 2879 1247 2971 quod
1262 2877 1358 2972 lsomo
1373 2879 1735 2974 teneaturOlaeerequod
1751 2899 1826 2962 pro-

190 2962 711 3117 ‘eslttliiiitnlllis
727 3037 761 3099 ...
783 3035 876 3100 ...s
896 3039 984 3101 s...
1033 2957 1827 3127 Attislit”Ainillliffil'tntillitii:

190 3117 297 3195 ptura,
313 3125 349 3180 ut
364 3120 561 3199 Augustinus
574 3118 661 3192 dicit,
677 3118 732 3179 lib.
751 3118 791 3179 de
803 3117 981 3194 Mendacio,
1034 3114 1207 3187 mlliendo,
1239 3114 1316 3193 qnia
1342 3114 1489 3193 promisit
1513 3117 1599 3209 quod
1626 3116 1764 3181 babebat
1793 3120 1826 3181 ln

190 3212 261 3273 cap.
287 3194 322 3270 5,
350 3203 426 3260 aute
451 3198 551 3269 med,
576 3197 773 3260 inducuntur
799 3197 983 3273 aliquorum
1033 3194 1161 3264 mente,
1183 3192 1412 3254 subinteUectis
1434 3193 1547 3255 debitis
1569 3194 1825 3271 conditionibuss

191 3280 300 3354 gesta,
325 3275 417 3353 quasi
438 3275 586 3355 exempla
607 3275 754 3354 perfecte,
777 3274 922 3347 virtutis3
944 3275 983 3337 de
1034 3282 1094 3331 nec
1118 3272 1213 3332 etiam
1238 3276 1287 3331 est
1310 3271 1444 3333 infidelis
1469 3288 1534 3332 non
1559 3274 1717 3350 implendo
1741 3277 1827 3353 quod

189 3352 308 3429 quibus
320 3369 385 3414 non
398 3357 447 3415 est
462 3354 682 3416 estimandum
697 3370 752 3414 cos
770 3352 868 3413 luisse
886 3371 984 3414 men·
1057 3348 1192 3420 comisit,
1204 3350 1407 3426 quiacudem
1416 3349 1614 3411 conditiones
1625 3366 1690 3411 non
1703 3358 1826 3415 estant.

190 3430 276 3491 titos.
290 3431 321 3492 Si
335 3449 411 3514 que
418 3436 524 3526 tamen
535 3432 568 3493 in
579 3431 791 3525 eorumdlctis
805 3448 846 3510 ap
890 3434 984 3493 ceant
1034 3364 1122 3519 iinde
1137 3428 1352 3520 ettApostolus
1367 3443 1432 3487 non
1447 3433 1496 3519 est
1507 3428 1675 3499 mentitus,
1690 3430 1745 3508 qui
1761 3446 1827 3523 pon

190 3510 984 3683 eligendi:distendissent
1034 3502 1095 3675 itt
1107 3504 1307 3644 11111111
1317 3504 1570 3656 {instent
1582 3522 1829 3665 iiiiii&

190 3664 391 3744 Augustinus
408 3667 484 3727 dicit
497 3682 530 3726 sn
543 3668 599 3727 lib.
611 3666 649 3727 de
661 3665 819 3739 Alendus,
833 3665 981 3727 locuit:
1035 3660 1261 3739 impedimenta
1298 3678 1347 3722 ue
1359 3668 1624 3740 supervenerant.

191 3742 417 3805 «Credendum
434 3751 483 3807 est
495 3745 567 3805 illos
584 3745 728 3805 homines
742 3745 797 3822 qui
811 3742 984 3821 propbetl—
1075 3740 1121 3799 Ad
1137 3745 1266 3801 sextum
1275 3680 1446 3801 iicendum
1458 3740 1543 3817 quod
1557 3742 1704 3819 operatio
1717 3742 1829 3822 aliqua

191 3842 208 3876 e
218 3821 264 3882 cis
276 3824 473 3901 temporibus
486 3823 573 3902 digni
583 3820 773 3885 auctoritate
785 3822 883 3907 luisse
896 3836 983 3883 com·
1034 3820 1139 3895 potest
1154 3818 1349 3881 considerari
1364 3818 1532 3896 dupliciter
1547 3839 1555 3880 ε
1573 3830 1640 3881 uno
1657 3821 1750 3883 rmdo
1770 3840 1829 3885 se*

191 3905 454 3973 «memorantur,
479 3902 589 3963 omnia
613 3918 685 3980 quse
711 3900 831 3979 scripta
850 3905 926 3961 sunt
943 3901 983 3962 de
1035 3896 1173 3957 eundum
1182 3898 1341 3975 seipsam3
1356 3898 1523 3959 ullomodo
1533 3916 1575 3959 ex
1588 3904 1678 3977 parte
1687 3914 1828 3979 opereu-

190 3978 298 4052 «illis,
321 3979 506 4059 prophetice
528 3980 666 4059 gessisse
692 3984 790 4057 atque
814 3979 944 4040 dixisse.
966 4001 981 4036 s
1034 3975 1086 4034 tis.
1101 3975 1302 4038 Mendacium
1316 3994 1393 4056 ergo
1408 3976 1555 4056 jocosum
1571 3996 1613 4039 ex
1628 3978 1699 4056 ipso
1711 3995 1828 4058 genere

189 4057 351 4119 Abrabam
366 4063 490 4131 tamen,
508 4064 544 4118 ut
564 4058 763 4138 Augustinus
776 4057 852 4119 dicit
868 4056 900 4117 iu
915 4056 980 4134 QQ.
1034 4054 1141 4131 operis
1156 4054 1252 4116 babet
1267 4055 1426 4117 rationem
1448 4054 1595 4129 fallendl3
1618 4058 1767 4133 quamvis
1787 4076 1829 4121 ex

189 4150 288 4213 super
301 4138 430 4212 lienes„
453 4154 509 4215 qu.
525 4136 575 4210 Β,
596 4142 628 4197 et
642 4137 696 4197 lib.
718 4140 803 4198 cont.
822 4136 980 4210 Mundae,
1034 4132 1212 4193 intentione
1225 4132 1357 4194 dicentis
1372 4150 1437 4227 nen
1452 4132 1576 4227 dicatur
1589 4134 1628 4195 ad
1641 4134 1828 4229 fallendum,

189 4212 982 4367 21111111111111111111111111
1034 4207 1253 4369 lisinii
1267 4210 1829 4370 Aitl'titilsiiiliiiliid

190 4368 321 4430 «voluit
334 4371 444 4444 celari,
455 4376 488 4433 et
500 4388 566 4434 nen
577 4372 778 4434 mendacium
793 4372 854 4433 diei
868 4392 876 4431 ε
889 4388 983 4433 soror
1034 4368 1229 4443 emtionibus,
1246 4386 1318 4447 qua
1330 4370 1363 4430 in
1376 4366 1469 4430 sacrd
1479 4368 1545 4429 Scri
1572 4369 1643 4429 iuret
1654 4370 1829 4433 inveniun-

190 4447 304 4508 «enim
323 4448 450 4525 dieitur,
464 4450 541 4528 quia
558 4451 625 4513 illia
646 4452 746 4529 patris
770 4454 850 4511 erat.
864 4472 879 4506 s
893 4450 982 4513 Unde
1033 4449 1098 4522 tur,
1114 4448 1204 4525 quia,
1223 4447 1306 4508 sicut
1320 4446 1520 4526 Augustinus
1541 4386 1617 4507 iscis
1637 4448 1670 4508 in
1687 4448 1770 4510 libro
1790 4449 1829 4512 de

189 4526 300 4603 etipse
314 4528 476 4589 Abrabam
496 4528 570 4590 dicit
592 4529 708 4591 (lenes.
726 4528 777 4600 20,
793 4530 850 4589 12:
870 4529 982 4591 «Vere
1033 4524 1192 4598 Mundae..
1203 4542 1272 4603 cap.
1284 4525 1313 4599 5,
1326 4523 1638 4619 aliquantalprinc„
1652 4526 1829 4606 «quidquid

189 4620 311 4665 «soror
322 4620 395 4668 mea
402 4612 463 4681 est,
472 4605 537 4667 filia
550 4608 650 4686 patris
659 4608 733 4682 mei,
747 4613 778 4668 et
790 4624 855 4668 non
871 4608 981 4670 matris
1036 4602 1195 4683 «figurate
1210 4604 1245 4665 fit
1254 4609 1311 4666 aut
1324 4604 1450 4670 dicitur.
1466 4620 1533 4664 non
1547 4608 1597 4665 est
1611 4605 1827 4668 mendaciumc

189 4682 389 4755 «mesella,
403 4706 418 4739 s
437 4686 515 4763 quia
534 4686 655 4748 scilieet
670 4704 710 4748 ex
726 4692 817 4765 parte
835 4686 936 4765 patris
952 4687 981 4747 ei
1036 4684 1167 4743 «omnis
1181 4684 1267 4744 enlm
1279 4682 1459 4744 enuntiatio
1471 4683 1511 4743 ad
1529 4682 1561 4743 id
1577 4683 1664 4762 quod
1683 4687 1830 4748 enuntiat

185 4762 355 4824 attinebat.
378 4762 478 4825 Jacob
498 4763 577 4825 vero
597 4763 730 4845 mystice
750 4763 833 4824 dixit
853 4782 888 4825 se
910 4782 981 4826 esse
1036 4760 1229 4825 «reserenda
1244 4767 1309 4834 estl
1332 4761 1830 4841 01111111811111111111111111-

185 4840 273 4902 Esaii
289 4841 538 4921 primogenitum
552 4843 654 4917 Isaac,
666 4843 747 4921 quia
757 4842 903 4903 videlicet
938 4842 982 4902 ri-
1036 4842 1149 4899 «ctum
1165 4844 1221 4901 aut
1232 4840 1351 4901 dictum
1367 4838 1427 4902 hoc
1439 4841 1585 4902 enuntiat
1599 4842 1685 4919 quod
1701 4843 1830 4923 signill-

185 4920 350 4999 mogenita
373 4920 459 4981 iliius
473 4919 512 4982 de
529 4920 604 5001 jure
624 4920 654 4983 el
671 4922 880 4984 debebantur.
899 4861 981 4983 [iius
1036 4918 1171 4979 «caleis
1184 4920 1302 4998 quibus
1316 4918 1730 4999 intelligendumprolatum
1742 4928 1829 4984 est.»

186 5002 295 5059 sutem
317 5003 367 5059 est
389 4999 452 5060 boc
473 5000 568 5060 modo
585 5000 738 5079 loquendi
757 4999 982 5079 perspiritum
1035 4998 1215 5059 Anrrcunus
1231 5016 1276 5062 lv.
1288 5032 1326 5043 -
1339 4995 1451 5060 Utmlm
1467 5016 1555 5059 omne
1572 5000 1766 5062 mendesium
1787 5001 1830 5062 sit

188 5076 417 5153 propbetlssad
431 5077 664 5158 designandum
683 5078 887 5171 mysterium,
904 5077 979 5155 qula
1073 5084 1232 5155 peccatum
1246 5076 1387 5141 mortale.
1402 5110 1441 5120 -
1456 5076 1559 5158 (Sep,
1574 5094 1626 5157 pu.
1641 5078 1693 5153 oe,
1726 5082 1827 5141 arti

187 5152 333 5215 videtne
356 5156 463 5216 minor
484 5159 641 5235 populus,
659 5156 781 5219 scilieet
801 5156 980 5235 gentilium,
1075 5153 1146 5226 eti,
1169 5162 1197 5215 et
1213 5156 1327 5235 quid,
1349 5161 1410 5217 ert.
1425 5152 1455 5229 1,
1477 5172 1579 5233 corp,-
1596 5162 1625 5215 et
1640 5156 1670 5224 3,
1689 5157 1762 5219 dist.
1778 5156 1828 5229 18,

188 5230 428 5295 substituendus
459 5240 529 5297 erat
555 5237 591 5297 iu
620 5236 728 5296 locum
779 5234 980 5315 rimogeniti‚
1074 5250 1126 5313 pet.
1144 5234 1173 5306 1,
1187 5242 1255 5294 ert.
1271 5232 1311 5309 1;
1327 5242 1355 5295 ct
1370 5232 1410 5307 1,
1433 5232 1506 5295 dist.
1523 5233 1576 5303 16,
1597 5250 1649 5311 qee.
1666 5232 1701 5308 1,
1717 5243 1778 5296 art.
1798 5236 1828 5307 1,

187 5308 310 5371 scilieet
330 5310 365 5371 iu
387 5314 496 5377 losum
517 5318 714 5378 iudeorum.
743 5254 878 5391 (inillam
904 5313 982 5376 verb
1074 5312 1306 5393 suescimus,
1325 5330 1424 5393 corp„
1437 5320 1465 5373 ct
1483 5312 1588 5392 quedl.
1603 5312 1715 5387 8‚ert.
1732 5312 1782 5391 11,
1801 5322 1829 5375 et

187 5391 452 5455 commendantur
462 5395 494 5455 in
505 5392 671 5475 Scriptura
687 5409 750 5454 non
763 5398 897 5471 prepter
909 5410 982 5471 per·
1074 5391 1181 5471 quodi.
1195 5392 1225 5465 9,
1239 5399 1300 5453 ert.
1315 5390 1378 5471 11.)

187 5468 302 5532 lectam
323 5472 489 5547 virtutem,
512 5474 568 5536 sed
583 5479 715 5553 propter
729 5470 903 5550 quamdam
912 5471 983 5533 vir-
1075 5470 1122 5529 Ad
1136 5468 1544 5548 quartumsicproceditur.
1561 5469 1590 5529 1.
1601 5468 1830 5611 Υἰάεῑιινΐιὸά

186 5548 266 5609 tutis
284 5546 439 5621 indolem:
464 5553 586 5614 seilicet
598 5556 677 5631 qula
690 5552 868 5629 apparebat
883 5551 916 5610 iu
935 5551 980 5612 eis
1035 5546 1394 5611 omnemendaciumsit
1427 5553 1570 5609 secatum
1584 5549 1730 5611 mortale.
1775 5550 1831 5612 iei-

187 5625 303 5705 aliquis
316 5627 486 5690 laudabilis
502 5630 651 5697 allectus.
665 5645 785 5707 exque
798 5629 982 5690 moveban-
1036 5634 1089 5688 tur
1102 5628 1187 5688 enim
1202 5628 1234 5688 in
1251 5626 1334 5705 psal.
1354 5624 1385 5699 t,
1433 5624 1571 5687 :Perdes
1591 5644 1693 5688 omme
1710 5628 1767 5709 qni
1784 5628 1831 5691 lo·

187 5704 288 5765 tnrad
319 5706 443 5769 uenam
455 5707 596 5770 indebita
605 5707 765 5780 lacienda3
779 5707 878 5769 etboc
887 5706 982 5769 modo
1035 5716 1177 5788 quantur
1191 5704 1399 5774 mendacium:
1421 5708 1452 5765 et
1472 5702 1546 5785 Sap.
1559 5704 1589 5779 1,
1609 5706 1668 5768 11:
1685 5706 1728 5769 Os
1746 5707 1831 5788 quod

173 5713 474 5859 iluditbia'udatur,
492 5802 558 5846 non
575 5788 654 5865 quie
668 5787 799 5849 mentita
814 5794 863 5848 est
875 5784 980 5847 llolo-
1034 5783 1203 5852 mentitur,
1233 5782 1348 5845 occidit
1373 5782 1518 5846 animem.
1546 5782 1610 5847 Sed
1637 5786 1773 5867 perditio
1800 5792 1831 5849 et

1494 1711 1563 1768 tare
1579 1711 1752 1788 prudenter·
1765 1713 1826 1776 sub
1916 1721 1922 1731 '
