4067 6175
221 284 290 342 ,αὖ
400 292 404 300 -
723 279 856 348 suess.
875 281 964 340 cuo.
983 281 1029 338 nu
1048 279 1139 340 urio
1157 281 1332 342 tutunus.
1776 301 1843 360 socc

218 389 1007 562 t’ttattitatdttttialttttittt
1060 392 1632 560 sciscitasti-'ttulit
1652 414 1843 556 ‘sitiat
1952 521 1955 528 .

220 556 301 614 «est
315 550 435 629 gloria,
454 548 493 611 ed
511 555 560 612 est
572 565 676 627 maror
691 564 780 610 cura.
796 549 870 608 Flos
884 553 933 610 est
951 548 1007 612 tila
1059 549 1312 630 Hieronymum,
1338 559 1470 634 propter
1495 563 1718 628 excellentiam
1745 588 1843 648 quam

221 627 458 691 «ecclesiastici
475 625 645 718 germinis,
669 625 765 688 decus
784 632 882 705 atque
902 642 1007 689 orna-
1058 626 1155 689 habet
1170 628 1210 690 ad
1225 628 1429 710 viduitatem,
1445 637 1497 698 cui
1511 641 1697 704 attribuitur
1711 661 1843 728 sexage-

219 711 394 768 «meutum
407 711 516 785 gratiae
527 700 720 784 spiritualis,
733 704 889 766 illustrior
900 704 1005 783 portio
1059 704 1180 780 simus;
1202 711 1233 770 et
1251 708 1290 770 ad
1307 711 1564 792 matrimonium,
1587 720 1638 781 cui
1658 723 1842 790 attribuitur

221 783 359 921 «gregis
376 781 536 846 christi.»
1059 783 1251 848 tricesimus.
1276 785 1353 859 Sed,
1378 789 1464 853 sicut
1486 793 1687 876 Augustinus
1712 799 1787 864 dicit
1809 803 1843 866 in

281 865 472 936 ‚Preterea
486 860 591 942 majus
604 860 771 952 premium
783 859 917 922 debetur
928 875 1006 921 ma·
1058 861 1113 922 lib.
1134 862 1203 925 ide
1218 863 1455 938 Quaestionibus
1475 869 1647 955 Erangci„
1664 893 1733 958 cap.
1750 879 1786 956 9,
1808 881 1843 946 in

218 939 280 1020 jori
291 940 411 1003 virtuti.
429 939 488 1000 Sed
499 935 673 1020 virginitati
682 938 815 1000 debetur
828 938 1005 1000 maximum
1058 939 1183 1017 prino,
1212 944 1395 1006 centesimus
1427 947 1622 1028 [ructuaret
1651 965 1842 1038 martyrum,

214 1019 405 1098 premium,
433 1018 555 1080 scilicet
580 1016 701 1078 tructus
729 1015 941 1088 centesimus,
968 1021 1006 1077 ut
1057 1019 1264 1096 sexagesimus
1278 1021 1450 1102 virgiuum,
1466 1035 1495 1088 ct
1509 1029 1680 1096 tricesimus
1695 1035 1844 1118 cort‘upa·

221 1100 308 1174 patet
331 1096 444 1158 blattb.
474 1095 512 1156 13
538 1095 572 1157 in
591 1091 713 1185 'iliossd
738 1094 825 1173 (ord.
850 1094 1003 1168 Hieron,
1058 1103 1171 1158 torum.
1190 1097 1278 1160 Unde
1296 1118 1337 1162 ex
1353 1101 1413 1164 hoc
1431 1119 1496 1166 uon
1515 1109 1663 1186 sequitur
1676 1053 1765 1190 qubd
1776 1117 1844 1179 rir-

220 1193 291 1254 sup.
306 1175 384 1236 iliud
398 1194 408 1234 z
424 1173 487 1250 Qui
499 1174 570 1236 vcrd
585 1191 621 1234 tc
635 1181 750 1234 terram
764 1171 905 1254 bonam).
918 1171 1005 1252 Ergo
1057 1173 1174 1254 giuitas
1191 1175 1232 1240 sit
1250 1176 1437 1256 simpliciter
1450 1185 1591 1248 maxima
1607 1189 1760 1252 virtulum
1775 1210 1844 1254 om·

220 1253 387 1332 virginitas
400 1259 449 1315 est
461 1252 602 1314 maxima
615 1249 780 1314 virtutum.
1057 1251 1167 1330 nium,
1183 1251 1239 1316 sed
1250 1253 1356 1318 soidm
1370 1257 1403 1318 iu
1418 1260 1490 1324 attis
1509 1265 1659 1342 gradibus
1675 1270 1841 1336 castitatis.

258 1329 288 1392 3.
304 1333 478 1404 Preterea,
495 1329 584 1392 tantb
593 1329 703 1407 aliqua
712 1329 812 1391 virtus
827 1331 874 1390 cst
888 1326 1003 1406 major,
1096 1329 1144 1390 Ad
1171 1333 1301 1394 tertium
1328 1333 1494 1400 dicendum
1520 1341 1605 1420 qubd
1628 1345 1766 1425 virgines
1789 1367 1844 1410 rc-

242 1410 342 1472 uantd
362 1429 419 1488 per
437 1425 508 1471 mm
526 1408 644 1486 aliquis
658 1406 785 1498 Christo
802 1406 904 1486 magis
924 1422 1006 1467 oon·
1056 1417 1197 1547 &untur
1213 1409 1335 1490 ianam
1351 1414 1541 1498 qudcumque
1558 1420 1650 1490 ierit,
1669 1423 1747 1501 quie
1767 1426 1844 1486 imi.

219 1427 386 1550 tornatur.
407 1487 466 1548 Sed
487 1483 625 1548 maxime
646 1485 764 1576 aliqum
787 1485 1005 1546 conformatur
1091 1490 1167 1549 ntur
1188 1487 1368 1566 Christum3
1394 1509 1459 1554 nou
1482 1495 1587 1558 soidm
1604 1499 1638 1561 in
1661 1499 1842 1580 integritate

218 1565 345 1627 Christo
359 1584 416 1645 per
430 1563 800 1644 virginitatemzdrcitur
820 1563 905 1625 enim
919 1565 1005 1640 Apo·
1056 1565 1189 1638 mentis,
1209 1565 1380 1630 sedetiam
1401 1569 1517 1634 iniute
1542 1575 1634 1640 ritate
1659 1581 1765 1642 carnis
1805 1587 1842 1645 ut

218 1644 280 1706 cal.
307 1643 364 1716 rt,
385 1641 422 1716 lc,
441 1642 480 1704 de
500 1641 695 1733 virginibus,
724 1639 810 1719 qubd
831 1650 1004 1720 aquantur
1056 1641 1255 1722 Augustinus
1268 1637 1386 1708 dic'itin
1403 1648 1457 1710 lib.
1473 1591 1840 1737 det'irginit.,cap.'i*l,

217 1722 342 1800 Apsum
365 1721 553 1802 quicumque
584 1728 677 1786 tcrct,·
705 1723 737 1781 et
760 1717 845 1810 qubd
874 1724 1004 1779 cantant
1055 1715 1167 1782 timcd.
1179 1721 1217 1788 Et
1227 1721 1297 1785 ideo
1308 1725 1339 1783 in
1352 1725 1497 1800 pluribus
1507 1738 1688 1822 sequuntur
1699 1737 1839 1826 Agnum3

218 1799 375 1861 canticum
396 1817 531 1866 uocum,
556 1795 640 1876 quod
663 1813 750 1856 acmo
774 1797 855 1857 alem
877 1801 1004 1874 poterat
1055 1813 1120 1858 non
1131 1803 1237 1862 tamen
1249 1807 1375 1878 oportet
1385 1803 1470 1880 qubd
1480 1823 1580 1888 magis
1591 1808 1629 1871 de
1641 1828 1838 1894 propinquo,

217 1876 328 1939 dicere.
343 1879 428 1955 Ergo
442 1875 606 1956 virginitas
620 1877 669 1936 est
681 1873 822 1935 maxima
837 1873 1000 1934 virtulum.
1055 1875 1133 1952 quia
1146 1877 1217 1939 alim
1231 1877 1364 1940 virtutes
1381 1878 1501 1945 iaciunt
1515 1885 1726 1966 propinquius
1742 1892 1841 1955 inbae-

255 1953 317 2015 Sed
336 1959 449 2016 contra
468 1957 518 2014 est
540 1952 626 2031 quod
650 1951 849 2030 Augustinus
871 1949 947 2012 dicit
968 1951 1002 2013 in
1055 1969 1128 2014 rere
1142 1955 1209 2016 Deo
1228 1973 1285 2034 per
1307 1957 1515 2020 imitationem
1532 1965 1659 2028 mentis.
1675 1965 1842 2035 Canticum

215 2031 300 2093 libro
322 2032 361 2094 de
376 2031 545 2112 virginit,
568 2047 605 2092 ca
630 2073 638 2088 .
659 2029 715 2102 td,
734 2029 767 2090 iu
784 2027 840 2118 tin.
857 2049 865 2088 ε
883 2029 1001 2096 Nemo.
1055 2036 1162 2092 autem
1182 2049 1319 2107 novum,
1337 2033 1422 2112 quod
1442 2039 1518 2100 solco
1535 2042 1673 2122 virgines
1692 2050 1840 2122 cantant,

214 2110 471 2189 quootdmputo,
488 2127 582 2170 ausus
596 2048 691 2200 ficati
701 2105 912 2186 virginitatem
922 2123 1003 2184 pra-
1055 2112 1103 2170 est
1119 2110 1270 2188 gaudium
1283 2113 1369 2190 quod
1384 2114 1505 2176 habeut
1518 2115 1556 2180 de
1573 2119 1757 2202 integritate
1772 2141 1841 2190 car·

215 2189 297 2279 [crrc
307 2188 458 2268 martyrio
475 2185 536 2266 (1),
551 2191 582 2248 et
595 2204 628 2246 rn
647 2185 758 2248 codem
771 2185 847 2259 lib.,
861 2201 932 2262 cap.
949 2181 1000 2259 bb,
1054 2187 1105 2248 nis
1121 2188 1260 2251 servata.
1509 2243 1513 2252 .

215 2284 253 2328 tu
268 2266 388 2344 prino,
407 2265 483 2328 dicit
499 2285 508 2323 t
526 2287 540 2322 r
555 2263 838 2326 Praeclarissimum
853 2261 1003 2323 testimo-
1292 2265 1475 2340 QUAESTlo
1498 2271 1603 2336 cun,

217 2345 339 2405 «nium
350 2343 500 2482 Xetffibel
519 2341 734 2404 ecclesiastica
754 2338 947 2412 auctoritas,
968 2337 1002 2403 in
1052 2339 1101 2404 Iis
1120 2358 1208 2406 virro
1226 2359 1384 2406 nuxunrrr.
1407 2381 1445 2440 3-
1467 2347 1521 2426 (in
1537 2351 1671 2431 quinque
1691 2356 1841 2428 articulos

217 2418 821 2589 :gtltpfodldltdldcffitffndttuffdldiffl
830 2422 1006 2558 (131ᾛὲῗὲ
1092 2496 1212 2564 Deinde
1220 2421 1543 2591 consideraffddssss'tst
1551 2503 1589 2566 de
1601 2506 1679 2568 vitio
1687 2509 1837 2587 luxuria,

217 2581 451 2640 «sacramenta
471 2578 657 2637 recitentur.
683 2595 699 2632 r
721 2574 781 2636 Per
803 2573 890 2652 quod
908 2573 1003 2636 datur
1054 2576 1139 2656 quod
1163 2584 1335 2655 opponitur
1357 2581 1495 2642 castitati
1511 2601 1519 2642 :
1535 2587 1566 2644 'rt
1586 2583 1689 2663 primo
1716 2588 1754 2652 dc
1771 2591 1840 2670 ipsd

217 2654 351 2736 intelligi
369 2653 455 2734 qubd
471 2653 660 2732 martyrium
674 2651 849 2732 virginitati
869 2651 1002 2731 preter·
1053 2653 1087 2717 in
1104 2655 1266 2750 genereth
1284 2657 1423 2719 secundo
1436 2659 1474 2720 dc
1489 2661 1653 2738 speciebus
1667 2665 1747 2743 ejus.

217 2740 281 2805 tur,
295 2739 328 2796 ct
340 2732 486 2796 similiter
498 2729 685 2794 monasterii
698 2735 811 2793 status.
974 2803 978 2810 ¹
1092 2733 1132 2793 tt
1155 2733 1239 2796 circa
1260 2736 1398 2812 primurn
1422 2745 1611 2813 queruntur
1627 2743 1770 2822 quinque
1786 2765 1793 2804 ε
1811 2745 1840 2806 1·

255 2810 443 2890 Respondeo
461 2809 628 2872 dicendum
652 2809 736 2889 qubd
757 2806 877 2886 aliquid
898 2811 1002 2892 potest
1053 2827 1125 2888 ques
1135 2811 1176 2872 sit
1186 2812 1639 2888 materiatuxurie;2·utrum
1649 2823 1753 2884 omnis
1765 2841 1838 2884 con-

215 2889 278 2952 dici
293 2889 598 2952 excellentissimum
611 2886 779 2966 dupliciter
796 2906 804 2947 :
824 2885 893 2947 Uno
907 2885 1001 2946 modo
1052 2889 1178 2950 cubitus
1194 2890 1234 2950 sit
1247 2889 1391 2964 illicitus;
1402 2891 1433 2950 3ο
1445 2891 1552 2954 utrrim
1569 2895 1700 2959 luxuria
1715 2900 1756 2962 sit
1769 2919 1838 2979 pcc-

217 2969 252 3028 iu
265 2968 376 3046 aliquo
393 2984 525 3048 gerrere3
538 2971 571 3027 et
587 2965 634 3026 sic
645 2966 811 3046 virginitas
826 2969 875 3026 est
889 2964 1002 3026 excel·
1053 2970 1159 3028 catum
1182 2968 1332 3042 mortale;
1349 2967 1379 3027 le
1394 2967 1502 3030 utrdm
1522 2972 1653 3037 luxuria
1675 2976 1716 3038 sit
1729 2977 1840 3042 vitium

215 3045 410 3120 lentissima,
424 3045 544 3108 scilicet
554 3043 588 3105 in
599 3062 716 3125 genere
726 3042 898 3115 castitatis3
914 3046 1002 3104 tran·
1052 3045 1208 3123 capitale;
1225 3044 1256 3106 b·
1270 3045 1308 3109 de
1324 3044 1450 3109 iiiiabus
1469 3048 1550 3129 rjus.

216 3125 339 3187 scendit
356 3124 443 3187 cuim
459 3128 490 3185 et
505 3124 681 3187 castitatem
696 3121 857 3183 vidualem
870 3127 902 3182 et
917 3137 1002 3183 con·
1052 3124 1230 3185 Auricunus
1246 3142 1374 3187 curuos.
1393 3160 1432 3171 —-
1452 3127 1565 3189 Utrum
1584 3132 1715 3193 materia
1736 3132 1839 3197 tumu-

213 3203 367 3283 p'ugalcro.
401 3202 441 3263 Et
466 3203 545 3281 quia
579 3202 717 3263 castitati
749 3198 1001 3261 antonomastice
1091 3202 1226 3263 rioesiot
1245 3202 1345 3265 acirim
1362 3220 1460 3265 conca
1484 3206 1630 3283 terentia,
1652 3218 1681 3269 ct
1702 3210 1841 3275 delecta-

215 3281 521 3372 attribuiturndeoor,
535 3278 606 3343 ided
617 3278 792 3371 virginitati
809 3294 866 3355 per
880 3294 1001 3369 conso«
1093 3280 1339 3371 tionesuocnerccc.
1353 3280 1426 3361 -(t
1474 3282 1559 3375 tirio„
1577 3302 1646 3423 me*
1665 3286 1695 3359 5,
1709 3286 1778 3352 tert.
1793 3291 1823 3351 2.

212 3354 1001 3523 ttautititittattilittetttctiitt
1052 3356 1598 3499 mittititrttttttitiiti
1612 3365 1841 3535 sitiatis.

213 3516 366 3593 giuibus,
392 3510 508 3593 partim
535 3512 556 3577 d
582 3514 664 3574 med.
692 3531 700 3573 ε
732 3509 1000 3575 Petobritudtucm
1053 3513 1102 3574 tia
1118 3514 1149 3571 et
1161 3511 1388 3574 delectationes
1403 3531 1559 3577 verterem.
1577 3516 1660 3579 Dicit
1671 3536 1757 3581 enim
1771 3526 1841 3589 itu-

213 3594 283 3671 pcto
291 3602 397 3672 potest
409 3591 556 3671 majorca
568 3591 716 3653 aetimare
726 3589 834 3651 dccorc
846 3586 997 3667 virginis,
1052 3588 1199 3668 gustinus
1224 3589 1258 3651 in
1280 3590 1336 3650 lib.
1357 3588 1550 3669 SConiess„
1566 3610 1636 3673 cap.
1651 3594 1686 3670 d,
1710 3596 1838 3674 dmcd„

213 3688 281 3749 pue
298 3669 551 3748 mouturdrcpc,
565 3666 718 3747 probatur
738 3666 758 3727 d
767 3664 893 3745 judice,
911 3664 1001 3725 dedi·
1051 3666 1136 3744 qubd
1149 3667 1280 3728 luxuria
1291 3667 1841 3751 adratiuctematqucabundamicm

215 3754 305 3809 catur
317 3748 472 3815 Domino,
489 3755 688 3807 consecratur
706 3744 798 3805 Dect
816 3742 889 3804 aiio
905 3742 999 3802 modo
1050 3745 1182 3823 recapit
1202 3746 1320 3807 vocari.
1336 3746 1395 3807 Sed
1409 3748 1739 3828 satietas'pertinetad
1752 3756 1838 3819 cibos

167 3828 174 3835 '
214 3829 320 3902 potest
336 3824 399 3886 diei
417 3824 539 3902 aliquid
559 3821 861 3885 excellentissimum
878 3819 999 3911 simpli·
1051 3828 1082 3883 et
1096 3826 1202 3901 potus,
1216 3824 1412 3887 abundantia
1424 3830 1531 3887 autom
1544 3827 1583 3889 ad
1598 3828 1737 3893 divitias.
1754 3832 1839 3914 Ergo

213 3904 304 3977 citer,
317 3908 350 3965 et
361 3902 584 3983 sicvbgiuitas
594 3918 659 3963 uon
671 3903 719 3963 est
731 3898 999 3962 excellentissima
1050 3900 1181 3961 luxuria
1196 3908 1318 3963 nonest
1330 3902 1457 3981 proprie
1467 3905 1551 3968 circa
1564 3908 1838 3987 concupiscentias

214 3982 380 4045 virtulum.
399 3980 529 4059 Semper
540 3980 626 4042 enim
640 3978 712 4041 finis
724 3978 852 4041 excellit
866 3976 897 4037 id
911 3976 998 4054 quod
1051 3985 1082 4041 et
1097 3979 1273 4057 voluptates
1290 3996 1455 4043 venereas.

212 4057 600 4139 artadiinem30tquantb
611 4056 733 4137 aliquid
746 4053 904 4118 etiicacids
920 4053 1000 4116 ordi·
1090 4056 1120 4117 2.
1137 4058 1304 4132 Praeterea,
1328 4059 1421 4121 Pror.
1443 4058 1493 4133 m,
1516 4060 1546 4133 1,
1566 4060 1704 4125 dicitur:
1722 4064 1840 4127 Lucu-

214 4135 576 4212 nmmaofinemaauto
590 4136 704 4197 melius
717 4134 996 4207 estFiuisautem,
1050 4135 1136 4197 riosa
1157 4152 1206 4195 res
1223 4140 1271 4197 est
1292 4136 1408 4197 vicum.
1431 4138 1490 4199 Sed
1514 4136 1625 4200 vinum
1644 4142 1782 4218 pertinet
1800 4146 1838 4205 ad

212 4236 256 4281 ex
268 4235 333 4295 guo
347 4217 513 4299 virginitas
525 4212 694 4277 laudabilis
707 4212 859 4285 redditur,
877 4215 925 4273 est
938 4226 1000 4273 va-
1050 4212 1292 4276 delectationem
1314 4215 1376 4275 cibi
1405 4221 1436 4275 ot
1460 4213 1566 4293 potus.
1588 4216 1671 4297 Ergo
1685 4220 1780 4285 eirca
1801 4238 1839 4285 ea

212 4312 287 4357 care
303 4296 400 4358 rebus
415 4296 549 4368 divinis,
568 4297 604 4354 ut
622 4292 741 4355 dictum
757 4294 806 4354 est
827 4292 887 4352 art.
902 4306 997 4368 prac-
1050 4290 1189 4353 maximb
1204 4291 1329 4353 ridetur
1340 4292 1472 4356 luxuria
1483 4309 1565 4354 csse.

214 4372 301 4435 dats
317 4375 395 4465 ipsa
406 4374 539 4440 virtutes
555 4370 758 4451 theologica,
775 4373 808 4431 ct
820 4368 916 4431 etiam
930 4368 1000 4430 vir-
1090 4368 1120 4429 3.
1135 4369 1302 4443 Praeterca,
1324 4370 1456 4433 luxuria
1475 4370 1591 4431 dicitur
1607 4388 1677 4435 esse
1691 4372 1840 4437 libidino-

213 4455 265 4513 ttu
283 4450 467 4529 religionis,
482 4467 621 4527 quarum
636 4453 726 4513 actus
743 4458 791 4511 cst
809 4447 878 4524 ipsa
896 4462 1000 4508 occu·
1051 4465 1095 4510 sm
1107 4448 1278 4526 voluptatis
1292 4448 1451 4526 appetitus
1475 4447 1534 4510 Sed
1550 4446 1722 4512 libidinosa
1741 4454 1840 4518 voiu-

213 4527 301 4606 patio
314 4528 402 4591 circa
415 4547 466 4592 res
479 4528 624 4596 divinas,
638 4526 853 4605 praeleruntur
866 4522 1000 4605 virgini·
1038 4530 1121 4606 ¹pias
1136 4542 1201 4586 nou
1215 4524 1319 4587 solbm
1335 4530 1382 4587 est
1401 4526 1435 4587 in
1446 4528 1602 4601 venereis,
1620 4527 1674 4589 sed
1689 4528 1784 4593 etiam
1806 4534 1838 4597 in

213 4605 282 4667 tati.
298 4606 449 4670 Similiter
467 4606 563 4669 etlam
579 4602 795 4666 vehementius
811 4608 997 4681 operantur,
1051 4603 1160 4665 multis
1172 4602 1255 4665 aliis.
1266 4602 1490 4684 Ergoluxuria
1500 4621 1565 4665 non
1579 4609 1629 4667 est
1640 4604 1743 4668 soldm
1753 4610 1840 4673 circa

211 4684 253 4747 ad
276 4684 342 4747 boc
360 4684 446 4763 qubd
470 4684 647 4746 inhereant
659 4682 726 4741 Deo
745 4690 920 4761 martyres,
942 4680 999 4757 qui
1052 4682 1323 4759 concupiscentias
1340 4686 1372 4743 ct
1386 4683 1459 4744 volu
1484 4687 1564 4743 tates
1577 4699 1745 4747 venereas.

211 4762 253 4825 nd
271 4762 334 4825 boc
350 4768 424 4855 post
442 4764 568 4843 ponunt
588 4759 751 4837 propriam
764 4758 883 4830 vitam,
900 4763 931 4820 ct
946 4758 999 4819 vi-
1091 4759 1151 4821 Sed
1168 4764 1280 4823 contra
1292 4765 1340 4820 ost
1354 4760 1439 4841 quod
1456 4696 1571 4826 dpicilur
1583 4762 1616 4822 iu
1628 4762 1684 4823 lib.
1701 4761 1739 4825 de
1762 4766 1838 4828 verri

213 4848 323 4905 rantes
348 4859 383 4904 rn
406 4837 627 4910 monasteriis,
653 4836 709 4917 qui
725 4836 766 4900 ad
781 4836 843 4897 hoc
866 4839 999 4913 postpo-
1051 4836 1229 4916 Religione,
1240 4854 1310 4916 cap.
1324 4837 1354 4913 3,
1371 4835 1390 4900 d
1405 4839 1499 4911 mod,
1518 4838 1555 4899 de
1571 4840 1747 4903 luxuriosis
1758 4862 1766 4903 ε
1777 4844 1841 4921 Qui

212 4926 296 4983 nunt
318 4919 484 4998 propriam
505 4916 720 4987 volunlatem,
746 4920 778 4979 ot
799 4914 907 4977 omnia
951 4930 1000 4974 ure
1052 4916 1222 4977 ecmiaatt'o
1233 4930 1335 4983 carne,
1347 4914 1382 4977 dr
1393 4932 1485 4977 carae
1497 4924 1586 4979 metet
1596 4920 1838 4998 comptiorem.

212 5004 349 5075 possm
364 5000 501 5072 trabere,
514 4990 613 5073 quam
626 4992 783 5073 virgines,
801 5009 873 5071 quar
884 4991 924 5054 ad
962 5006 1000 5052 oc
1053 4992 1111 5055 Sed
1124 4994 1292 5055 seminatio
1309 4994 1414 5055 carnis
1432 4992 1465 5055 iit
1478 5012 1535 5075 per
1548 4995 1726 5089 voluptates
1740 5014 1841 5060 rene-

213 5082 410 5169 postponuut
433 5090 605 5137 reumeam
629 5074 838 5149 voluptatem.
863 5070 903 5131 Et
928 5068 999 5131 ided
1052 5088 1136 5135 reas.
1152 5070 1236 5151 Ergo
1251 5072 1290 5133 ad
1306 5072 1363 5133 bas
1378 5073 1515 5151 pertinet
1526 5074 1667 5135 luxuria.

214 5154 380 5233 virginitas
403 5171 470 5215 non
491 5149 679 5231 simpliciter
701 5154 750 5213 est
770 5148 914 5213 maxima
928 5147 1001 5211 vir-
1091 5149 1279 5232 ltespondco
1292 5150 1458 5212 dicendum
1480 5150 1576 5228 qubd,
1598 5150 1680 5211 sicut
1698 5148 1839 5214 isidorus

212 5234 329 5293 tutum.
1053 5226 1128 5289 dicit
1141 5227 1175 5290 in
1187 5228 1243 5288 lib.
1262 5229 1301 5290 10
1313 5228 1464 5311 Etymoi,
1481 5228 1520 5290 ad
1540 5229 1600 5288 litt.
1618 5248 1626 5285 s
1641 5228 1841 5289 luxuriosus

251 5308 300 5369 Ad
342 5310 460 5372 dmum
478 5324 556 5389 ergo
568 5304 737 5369 dicendum
779 5302 842 5367 ubd
859 5302 999 5385 virgines
1054 5304 1168 5387 aliquis
1194 5304 1312 5369 dicitur
1334 5308 1424 5388 quasi
1444 5308 1564 5369 solutus
1590 5305 1627 5365 in
1652 5304 1843 5385 voluptates.

212 5391 289 5448 suut
307 5328 467 5451 ittartricr
482 5385 593 5467 portic
617 5380 765 5465 precise
805 5382 876 5450 isti.
900 5386 933 5443 et
953 5383 1001 5443 cst
1053 5382 1193 5446 Maxime
1211 5388 1318 5447 eutem
1333 5385 1512 5462 voluptates
1529 5394 1675 5445 venerere
1689 5384 1840 5447 animum

212 5482 317 5525 em
341 5464 505 5529 sublimior
523 5462 628 5544 picria
646 5480 704 5543 per
728 5459 1001 5539 comparationem
1054 5462 1193 5524 bominis
1205 5463 1355 5525 solvunt:
1369 5465 1402 5525 et
1416 5461 1485 5522 idad
1499 5459 1585 5522 circa
1595 5460 1776 5541 voluptates
1787 5478 1841 5523 re·

211 5542 252 5605 ad
267 5542 381 5608 viduas
392 5548 426 5605 ct
437 5542 638 5623 conjugatas.
1055 5557 1169 5603 uereas
1184 5538 1324 5604 maxime
1336 5538 1467 5601 luxuria
1482 5537 1714 5601 consideratur.

247 5642 407 5722 (senuaar
422 5640 740 5724 augustanorum.
763 5638 826 5697 uss.
840 5647 868 5695 a
885 5636 953 5695 etit
967 5635 1003 5701 o.
1095 5618 1141 5728 ld
1156 5619 1295 5728 primum
1308 5633 1386 5711 prro
1400 5613 1839 5729 dicendumqucdsicuttcns

213 5712 322 5772 iberos
333 5726 442 5782 psum,
458 5724 616 5767 inermium.
1055 5704 1199 5779 perantia
1215 5696 1434 5776 principaliter
1447 5694 1573 5773 quidem
1596 5701 1626 5757 et
1643 5694 1771 5776 proprtd
1796 5702 1841 5760 cst

491 5800 626 5862 Souna.
653 5802 705 5863 tlt.
1408 5794 1671 5873 (Treuir-cuum
1683 5798 1701 5868 )
