4067 6175
266 332 318 403 ers
713 298 842 386 curura:
861 326 1089 390 'rrreorocrce
1106 312 1449 392 serzrzunr'seccana:
1476 379 1479 388 .
1803 309 1804 312 ‘
1833 315 1895 392 *rra

266 447 316 507 cst
331 443 371 510 do
389 444 578 508 necessitate
595 440 724 518 salutis,
744 437 823 525 puta
842 426 968 504 cimex
983 441 1053 504 zelo
1108 441 1178 504 ildei
1193 444 1386 523 christiane,
1400 427 1671 530 perqnnmnobls
1686 433 1821 512 risibilia
1835 473 1894 532 pro

266 522 339 585 iidel
353 524 386 584 et
403 523 558 586 charitate
574 520 716 605 iraternd
727 521 890 582 multoties
901 520 1054 600 leguntur
1108 521 1320 586 invisibilibus
1342 529 1574 590 contemnenda
1594 533 1838 608 proponuntur,
1858 541 1892 594 ut

265 602 370 664 sancti
381 608 536 684 martyres
552 609 664 679 sponte
675 618 710 662 se
719 598 874 662 obtulisse
885 600 1051 676 urartyrio.
1106 599 1223 661 dicitur
1236 602 1275 664 ad
1288 601 1367 666 lleb.
1385 603 1433 664 11.
1672 605 1675 611 ’
1826 617 1828 628 ’

264 679 324 743 llla
341 685 450 742 autem
464 689 620 761 precepta
632 683 708 744 suut
721 677 928 758 intelligenda
939 696 1054 740 secun·
1147 679 1192 740 Ad
1205 678 1394 762 martyrium
1407 699 1484 762 ergo
1498 683 1634 762 pertinet
1648 689 1685 746 nt
1700 684 1796 746 homo
1807 687 1893 748 testi·

265 755 343 821 ddrn
355 762 624 839 preparationem
638 757 748 820 aniuri.
1106 755 1219 820 licetur
1228 757 1331 833 tidem,
1348 779 1493 841 scopere
1507 763 1676 824 ostendens
1692 763 1799 826 omnia
1813 783 1894 842 prns-

304 837 353 900 Ad
373 839 549 901 secundum
569 836 737 899 dicendum
757 833 844 913 qadd
864 839 946 899 mart
988 835 1053 896 'um
1106 837 1210 898 sentia
1221 845 1436 911 contemnere,
1447 844 1488 902 'ut
1499 840 1537 901 ad
1552 841 1658 904 lutura
1673 845 1704 902 et
1719 840 1893 909 invisibilia

262 916 487 996 complectitur
499 917 531 978 id
544 916 629 994 quod
648 932 809 976 summum
824 913 858 975 in
872 855 1054 978 neeffleta
1106 914 1191 978 bena
1208 917 1383 994 perveniat.
1401 915 1560 992 Quamdiu
1573 919 1680 980 autem
1694 920 1815 982 bomini
1834 941 1895 982 ren

262 1013 336 1057 csse
348 997 464 1074 potest,
479 999 516 1058 ut
526 993 773 1072 scilicetaliquis
783 992 825 1055 sit
836 993 987 1056 obediens
998 1010 1054 1054 us·
1106 994 1894 1076 manetvitacorporalis,nonddmseopereosten·

262 1091 328 1152 que
344 1071 385 1136 ad
403 1079 556 1148 mortem,
577 1073 661 1136 sicut
678 1070 796 1152 legitur
810 1070 849 1133 de
868 1070 995 1134 Christo
1012 1071 1053 1136 ad
1105 1069 1213 1133 ditcor
1236 1073 1895 1153 oraliacnnctadesplcere.Consueverunt

262 1151 399 1230 Philipp.
412 1151 452 1227 2,
476 1151 512 1227 8,
525 1151 611 1292 qued
625 1153 786 1244 sectus-est
803 1148 945 1244 obedires
958 1168 1054 1232 usque
1105 1149 1191 1210 enim
1214 1092 1359 1215 Homines
1382 1157 1414 1215 et
1434 1155 1712 1234 consanguineos,
1731 1159 1762 1218 et
1781 1158 1894 1222 omnia
1937 1177 1941 1180 ·

261 1229 304 1292 nd
323 1239 462 1294 mortem.
478 1231 526 1294 [ln
548 1249 566 1292 e
587 1233 673 1309 patet
687 1228 772 1308 qnod
789 1235 872 1291 mart
895 1247 980 1290 rrum
994 1248 1054 1292 se-
1105 1228 1191 1292 bona
1207 1247 1355 1307 possessa
1367 1236 1588 1307 contemnere,
1608 1237 1641 1294 ct
1655 1233 1750 1296 etiarn
1764 1233 1895 1300 dolores

261 1305 403 1372 cundiam
412 1328 447 1374 se
457 1317 506 1374 est
516 1309 687 1392 perfectius
695 1306 793 1389 quarn
807 1248 987 1371 obedientia
996 1307 1053 1370 ab·
1105 1309 1250 1386 corporis
1272 1309 1357 1387 pati,
1376 1315 1412 1372 ut
1425 1311 1523 1372 vitam
1539 1311 1740 1374 conservent.
1755 1311 1843 1375 Unde
1862 1319 1895 1377 et

260 1386 367 1450 selutd
378 1387 473 1452 dieta.
1105 1383 1202 1448 Satan
1218 1395 1330 1452 contra
1349 1387 1409 1450 Job
1429 1389 1572 1464 induxit,
1593 1377 1654 1454 iob
1672 1389 1703 1466 2,
1719 1393 1737 1451 tr
1754 1411 1762 1450 τ
1778 1391 1895 1454 Pellem

300 1466 350 1529 Ad
364 1469 492 1531 tertium
501 1465 670 1533 dicendum
683 1465 770 1547 qubd
783 1467 866 1528 ratio
876 1465 930 1528 illa
941 1483 1053 1546 procc-
1098 1480 1162 1544 pro
1175 1466 1265 1544 pelle,
1279 1475 1307 1527 et
1321 1475 1432 1530 cuncto
1442 1467 1606 1548 quobomo
1619 1467 1717 1540 habet.
1731 1468 1817 1532 dubit
1830 1489 1893 1552 pro

260 1541 306 1607 dit
319 1545 359 1607 de
373 1547 528 1628 martyrio
544 1543 721 1609 secundum
736 1544 900 1624 propriam
913 1546 1052 1624 speciem
1104 1543 1207 1604 anima
1226 1547 1292 1615 rud,
1310 1545 1341 1607 id
1360 1552 1418 1620 est,
1434 1564 1493 1625 pro
1509 1545 1573 1610 viti
1589 1545 1834 1640 subcorporali.
1853 1551 1894 1612 Et

260 1623 372 1697 actds,
389 1642 432 1688 ex
448 1623 515 1705 qua
534 1642 600 1686 nou
620 1625 717 1687 babet
730 1623 952 1686 excellentiam
968 1626 1053 1685 inter
1103 1617 1175 1683 ideo
1189 1622 1228 1684 ad
1241 1623 1412 1702 perfectam
1426 1623 1582 1688 rationem
1596 1627 1741 1710 martyrri
1754 1629 1893 1708 requiri·

261 1719 374 1766 omnes
390 1707 480 1766 actm
492 1705 663 1776 uirtutum3
679 1703 761 1763 sieut
775 1719 833 1764 nec
843 1701 993 1764 tortitudo
1003 1705 1053 1765 est
1105 1701 1157 1758 tur
1179 1700 1265 1778 quud
1287 1703 1406 1782 aliquis
1429 1708 1564 1766 mortem
1581 1705 1738 1780 sustineat
1760 1715 1893 1788 propter

260 1781 471 1844 excellentior
488 1783 572 1844 inter
586 1799 698 1844 omncs
713 1781 858 1842 virtutes.
1102 1775 1275 1841 Christum.

260 1860 443 1924 Anarcuuus
457 1879 502 1925 rr.
517 1894 557 1906 -
573 1857 687 1923 utram
706 1877 790 1920 mora
812 1859 855 1921 rit
876 1857 913 1920 dc
928 1859 1053 1921 ratione
1143 1857 1601 1939 Adprimumerqodicendum
1614 1859 1892 1940 qubdillnrnurto-

301 1939 460 2078 mansii.
474 1973 514 1986 -
528 1936 579 2018 (1,
594 1938 669 2002 dist.
682 1935 738 2015 te,
756 1945 865 2018 quest.
879 1936 916 2014 5,
933 1946 994 2000 ort.
1012 1939 1049 2012 3,
1102 1933 1299 2010 ritates,ctsi
1310 1957 1382 2016 quae
1392 1939 1740 2010 similesiurcniuntur,
1751 1942 1891 2020 loquun-

321 2036 353 2078 u.
393 2017 416 2098 .)
1103 2017 1156 2073 tur
1167 2013 1205 2076 de
1219 2019 1373 2098 martyrio
1386 2035 1443 2095 per
1451 2019 1625 2096 quamdam
1638 2020 1889 2082 similitudinem.

299 2036 1051 2176 adquartumsicproceditur.l.videturqudd
1143 2092 1188 2152 hd
1206 2095 1382 2157 secundum
1404 2095 1573 2158 dicendum
1593 2097 1677 2176 qudd
1699 2099 1733 2158 in
1755 2099 1891 2162 muliere

259 2189 347 2236 mors
362 2192 428 2238 non
443 2176 484 2238 sit
497 2174 536 2236 de
553 2176 677 2238 ratione
692 2172 847 2254 martyrii.
864 2176 946 2236 llicit
964 2175 1050 2237 enim
1102 2187 1174 2246 qnae
1195 2171 1406 2252 integritatem
1429 2175 1535 2238 carnis
1553 2176 1671 2253 perdit,
1691 2177 1741 2238 rel
1756 2177 1801 2238 ad
1836 2197 1891 2238 cr-

259 2249 477 2334 llicronynrus
493 2254 527 2319 in
539 2273 635 2318 serm.
646 2253 685 2317 de
696 2255 859 2331 ussumpr.
870 2255 941 2334 (sen
956 2255 1049 2332 epist.
1102 2247 1237 2342 dentiam
1252 2269 1322 2314 canr
1340 2253 1512 2315 damnatur
1525 2254 1692 2316 occasione
1711 2255 1782 2316 lidci
1798 2197 1891 2316 ciri-

259 2331 300 2392 ad
325 2333 415 2396 Paul.
438 2335 472 2396 et
494 2333 660 2405 Eustoch,
683 2333 766 2394 inter
784 2331 867 2394 med.
889 2335 922 2394 et
945 2331 1015 2412 Cn.)
1040 2349 1048 2392 r
1102 2333 1225 2402 strarrm,
1251 2347 1317 2392 nou
1340 2335 1388 2392 cst
1408 2332 1492 2410 apud
1518 2331 1665 2394 homiues
1686 2333 1890 2396 rrrarril'cstum

259 2409 352 2472 1:001&
360 2411 495 2474 dixerim
506 2411 590 2491 quod
605 2409 917 2490 Deiaenferiaevfrqo
931 2417 1052 2473 etmar-
1102 2402 1211 2467 ulrirm
1227 2408 1286 2471 boc
1307 2410 1424 2470 mulier
1438 2411 1581 2548 patiatur
1596 2415 1725 2489 propter
1745 2429 1890 2475 errrorem

260 2496 314 2628 :pr
333 2490 556 2570 fuibqrmmcis
574 2490 610 2552 iu
629 2508 707 2569 pace
727 2489 825 2552 eitum
840 2489 997 2569 finiverit:
1018 2494 1051 2551 et
1102 2483 1173 2546 lidei
1188 2486 1381 2561 christianae,
1397 2507 1435 2550 vc
1461 2489 1562 2568 magis
1572 2497 1891 2582 proconteurptuca·

291 2567 436 2647 regorius
454 2568 529 2629 dicit
549 2567 671 2630 homil
690 2568 725 2630 in
747 2567 889 2648 Evang„
915 2567 947 2628 in
966 2567 1047 2628 lim:
1102 2563 1217 2626 stitutis
1236 2585 1244 2624 :
1263 2571 1294 2627 et
1307 2567 1377 2628 ided
1392 2567 1478 2645 apud
1495 2567 1640 2629 hornrnes
1662 2585 1725 2629 nou
1748 2569 1891 2632 redditur

260 2643 409 2722 Quamvis
423 2647 546 2710 occario
556 2646 786 2727 persecutionis
798 2641 886 2715 desit,
900 2643 987 2707 babet
1003 2654 1051 2706 tn·
1102 2659 1160 2718 per
1169 2642 1229 2704 boc
1240 2645 1456 2706 testimonium
1466 2645 1626 2708 sullicicns
1639 2665 1646 2705 ε
1660 2647 1742 2708 uude
1754 2647 1814 2709 troc
1826 2665 1890 2708 uon

259 2743 329 2786 raca
342 2733 371 2786 et
381 2744 450 2806 pon
465 2734 576 2788 uestro
587 2745 677 2788 auum
691 2722 888 2816 martyrium,
903 2724 977 2804 quio
992 2725 1051 2789 etri
1101 2721 1231 2858 Broprid
1252 2723 1349 2785 habet
1370 2725 1530 2788 rationem
1547 2725 1703 2806 martyrii.
1725 2726 1783 2786 Sed
1805 2733 1890 2806 apud

261 2802 368 2866 caruis
384 2803 468 2866 collo
487 2805 573 2886 [erro
588 2823 653 2865 non
671 2801 871 2884 subjicrmus,
888 2803 1050 2884 spirituali
1129 2817 1218 2873 curn,
1242 2801 1298 2880 qui
1321 2803 1417 2865 corda
1439 2804 1618 2878 scrutatur,
1641 2811 1743 2882 potest
1766 2804 1827 2866 hoc
1850 2807 1891 2868 ad

260 2889 362 2944 tumen
375 2881 482 2960 plodio
496 2883 639 2946 cernuis
654 2881 810 2944 desiderio
821 2881 857 2942 iu
871 2889 970 2942 mente
982 2890 1050 2942 tru-
1102 2879 1268 2958 premium
1279 2880 1438 2958 deputari,
1454 2881 1536 2943 sicut
1548 2881 1648 2946 Lucia
1664 2882 1755 2944 dixit.
1808 2888 1812 2898 ‘

260 2957 411 3022 ridemus.
426 2961 511 3054 Ergo
523 2962 647 3039 absque
659 2960 810 3039 passione
823 2960 935 3021 mortis
945 2965 1051 3039 potest
1141 2956 1188 3016 hd
1202 2959 1331 3020 tertium
1345 2958 1513 3022 dicendum
1526 2959 1623 3038 qued,
1637 2961 1719 3022 sicut
1731 2974 1829 3042 supra
1844 2961 1890 3023 dl·

259 3055 331 3101 esse
352 3044 553 3121 martyrium.
1101 3037 1188 3097 ctum
1212 3041 1271 3109 est.
1295 3053 1352 3117 qu·
1376 3055 1484 3119 pree,
1505 3043 1567 3102 art.
1592 3037 1611 3100 l
1632 3044 1663 3103 et
1685 3038 1716 3113 h
1739 3039 1891 3102 tortitudo

299 3116 330 3177 1.
342 3115 767 3199 Prretcrea,prointeqritatc
776 3116 1050 3183 carnisservanda
1100 3114 1321 3195 principaliter
1335 3118 1482 3179 consistit
1500 3118 1585 3181 circa
1600 3119 1744 3199 pericula
1763 3122 1887 3192 mor-tis,

260 3195 379 3275 aliqum
398 3198 549 3263 mulieres
573 3198 725 3277 leguntur
741 3195 944 3259 laudabiliter
965 3214 1051 3259 cou-
1101 3194 1187 3257 circa
1207 3194 1270 3257 alia
1292 3200 1400 3258 autem
1419 3204 1671 3276 consequentem
1687 3204 1719 3259 et
1740 3196 1811 3259 idco
1831 3216 1890 3260 ncc

259 3274 428 3353 tempsisse
447 3279 546 3341 vitam
567 3293 676 3350 suam3
698 3279 732 3338 et
755 3274 800 3338 ita
818 3273 946 3337 videtur
962 3276 1049 3355 qubd
1101 3272 1290 3354 martyrium
1307 3292 1366 3354 pro
1390 3272 1436 3336 rid
1452 3274 1568 3337 dicitur
1582 3294 1641 3355 pro
1656 3274 1726 3338 sora
1740 3276 1885 3339 toleran-

258 3356 436 3432 corporalis
445 3354 611 3436 integritas
620 3353 772 3418 castitatis
781 3354 968 3433 praeieratur
978 3356 1050 3417 vitre
1101 3348 1147 3442 tid
1161 3353 1310 3427 carceris,
1323 3294 1483 3428 referilii,
1499 3353 1680 3433 velrapinre
1692 3355 1889 3429 divitiarum,

258 3433 431 3512 corporali.
442 3434 705 3513 Sedquandoque
720 3434 788 3511 ipsa
804 3432 969 3512 integritas
979 3452 1050 3496 car-
1101 3428 1165 3489 nrsi
1190 3429 1270 3494 lortb
1293 3428 1469 3495 sccunddm
1493 3432 1580 3513 qudd
1605 3452 1646 3495 ex
1670 3433 1722 3497 bis
1743 3434 1891 3513 sequitur

259 3509 310 3573 nis
326 3511 482 3585 aufertur,
498 3518 556 3577 aut
569 3512 688 3577 aulerri
705 3512 881 3575 intentatur
897 3530 956 3589 pro
973 3530 1050 3574 con·
1100 3520 1199 3571 mors.

258 3586 399 3652 tensione
414 3591 487 3655 fidei
504 3592 704 3664 christiane,
720 3595 755 3652 ut
768 3594 857 3670 patet
874 3590 912 3651 de
926 3594 1049 3671 agnete
1140 3588 1187 3649 Ad
1201 3591 1351 3666 quartum
1364 3588 1533 3651 dicendum
1545 3588 1629 3669 qudd
1642 3592 1791 3653 meritum
1804 3606 1892 3661 mar-

258 3670 292 3729 et
304 3668 415 3732 Lucia.
429 3670 515 3750 Ergo
531 3670 656 3734 videtur
669 3669 754 3747 quod
771 3670 961 3748 martyrium
979 3686 1051 3730 ma-
1102 3666 1175 3745 tyrii
1190 3684 1254 3727 non
1268 3673 1399 3747 estpost
1413 3673 1558 3743 mortem,
1575 3668 1630 3731 sed
1641 3670 1673 3731 in
1689 3667 1758 3763 ipsi
1774 3671 1891 3731 volun-

259 3746 308 3823 gis
321 3746 436 3809 debeat
447 3747 521 3821 dici,
532 3750 559 3809 si
572 3749 683 3839 aliqua
693 3747 809 3807 mulier
818 3764 876 3825 pro
889 3747 949 3807 lide
959 3746 1050 3809 Chri·
1102 3742 1184 3807 tarid
1196 3746 1388 3809 sustinentia
1401 3748 1524 3820 mortis,
1536 3753 1632 3825 prout
1641 3745 1759 3811 scilrcct
1769 3747 1891 3827 aliquis

259 3824 301 3883 sti
316 3824 530 3905 integritatem
545 3843 651 3889 carnrs
666 3824 789 3903 perdat,
804 3823 939 3903 quamsi
952 3826 1049 3887 etiam
1101 3823 1281 3885 voluntarie
1298 3827 1420 3903 patitur
1432 3824 1638 3887 indictionem
1654 3826 1776 3887 mortis.
1795 3826 1891 3889 Corr-

259 3902 405 3977 perderet
417 3905 618 3982 corporalem
628 3903 837 3975 ritam3unde
851 3907 883 3964 et
895 3904 991 3967 Lucia
1003 3905 1050 3965 di·
1101 3902 1313 3981 tingittamen
1340 3904 1534 3983 quandoque
1560 3906 1645 3996 qubd
1672 3905 1789 3983 aliquis
1819 3912 1894 3985 post

259 3980 425 4043 clusium
437 3982 567 4045 invitum
577 3980 823 4064 (contremisci,
836 3982 962 4045 castitas
972 3982 1049 4045 milri
1100 3980 1250 4043 mortalia
1271 3981 1407 4045 vulnera
1423 4000 1482 4062 pro
1504 3982 1630 4045 Clrrrsto
1651 3990 1817 4060 suscepta.¹
1841 3985 1894 4045 rel

258 4056 474 4199 duplicabitur
486 4061 529 4124 ud
545 4079 702 4124 eoronam.
1101 4076 1321 4141 quascumque
1340 4062 1420 4122 alias
1443 4061 1665 4124 tribulationes
1686 4062 1893 4125 continuatas

240 4190 244 4199 .
321 4182 330 4199 .
360 4138 517 4205 Praeterea
548 4138 740 4221 martyrium
771 4141 820 4201 est
853 4136 1048 4203 fortitudinis
1101 4138 1256 4215 usquead
1272 4143 1511 4218 mortem,quas
1528 4137 1821 4219 dpersecutoribus
1837 4158 1895 4221 pa-

258 4220 363 4280 actus.
383 4217 430 4280 Ad
453 4216 671 4281 tortitudinem
692 4222 801 4279 autem
825 4217 964 4295 pertinet
983 4237 1048 4279 nun
1102 4216 1179 4276 titur
1191 4234 1249 4295 pro
1264 4215 1324 4278 srde
1339 4217 1467 4289 Christi,
1484 4214 1538 4279 did
1554 4220 1640 4281 vivat
1655 4239 1663 4279 z
1681 4218 1712 4279 iu
1725 4236 1791 4297 quo
1804 4222 1896 4287 statu

258 4292 365 4358 solirm
377 4302 514 4361 mortem
533 4315 598 4360 non
619 4296 806 4367 formicare,
824 4294 880 4357 sed
894 4314 952 4356 nec
967 4297 1047 4359 alias
1101 4300 1190 4355 actus
1213 4295 1356 4375 martyrii
1375 4298 1558 4357 meritorius
1579 4302 1644 4369 est,
1663 4298 1803 4358 cleliam
1819 4298 1895 4377 ipso

227 4406 231 4415 ·
257 4372 480 4445 adversitates,
491 4381 528 4437 ut
539 4376 739 4455 Augustinus
752 4372 1051 4451 dicitintillusicae,
1101 4373 1211 4433 eodem
1234 4378 1377 4457 tempore
1404 4391 1469 4455 quo
1494 4374 1675 4457 hujusmodi
1700 4371 1894 4439 alllictioucs

259 4470 330 4530 cap.
347 4453 396 4525 15.
409 4454 450 4515 ad
463 4453 518 4515 lin.
533 4453 592 4515 Sed
608 4455 717 4515 multas
727 4458 803 4516 sunt
814 4453 885 4514 alirn
899 4453 1049 4516 adversi·
1100 4450 1231 4529 patitur.
1769 4522 1771 4529 y

258 4533 340 4591 tates
364 4536 479 4608 praeter
505 4538 660 4603 mortem,
684 4548 766 4609 quas
788 4530 889 4609 aliqui
913 4536 1050 4609 possunt
1100 4532 1280 4591 naucerus
1303 4546 1332 4591 r.
1354 4562 1393 4579 -
1414 4528 1527 4593 b'trriru
1547 4528 1615 4593 solu
1658 4530 1708 4595 cles
1730 4532 1772 4595 sil
1797 4550 1894 4593 causo

259 4608 421 4671 sustinere
435 4626 493 4688 pro
509 4609 568 4671 srdc
583 4608 718 4685 Christi,
732 4611 853 4673 scilicet
865 4627 1046 4683 carcerem,
1139 4608 1296 4687 arortprir'.
1308 4643 1346 4653 -
1354 4606 1400 4747 gr,
1410 4610 1483 4671 dist.
1497 4608 1548 4683 bil,
1563 4629 1616 4691 qu.
1653 4656 1660 4683 ,
1675 4618 1736 4671 ort.
1751 4608 1781 4682 3,
1792 4628 1845 4691 qu.
1858 4610 1889 4681 2,

258 4686 416 4758 exilium,
443 4689 592 4765 rapinam
622 4690 802 4759 bonorum,
830 4694 865 4749 ut
893 4692 980 4767 patet
1007 4689 1048 4751 ad
1140 4704 1241 4765 corp.¹
1257 4695 1285 4747 et
1299 4686 1340 4748 od
1376 4731 1384 4760 ,
1403 4688 1441 4748 10
1458 4696 1487 4748 ct
1500 4688 1549 4761 12,
1566 4698 1593 4749 et
1606 4690 1694 4751 Rom.
1709 4688 1740 4761 8,
1757 4686 1821 4749 leet.
1840 4690 1868 4747 7.

258 4763 356 4824 liebr.
372 4764 421 4836 10,
437 4766 562 4829 undeet
578 4766 679 4829 sancti
693 4766 834 4829 Marcelli
851 4784 941 4847 papae
955 4783 1049 4829 mar·
1140 4764 1186 4824 hd
1199 4765 1347 4841 quintum
1357 4766 1403 4828 sic
1414 4766 1605 4845 proceditur.
1621 4768 1648 4829 l.
1660 4766 1840 4841 Videturqu

258 4842 377 4920 tyrium
387 4846 579 4921 celebratur,
593 4844 649 4923 qui
664 4851 768 4908 tamen
785 4846 842 4905 luit
855 4851 1000 4906 mortuus
1014 4846 1046 4906 in
1100 4842 1169 4904 sola
1195 4842 1272 4905 fides
1297 4846 1338 4905 sit
1357 4861 1456 4907 causa
1479 4846 1636 4927 martyrii.
1658 4846 1781 4907 Dicitur
1801 4843 1892 4903 eninr

257 4923 495 5001 carcerelirqo
508 4930 635 4987 nonest
650 4924 689 4985 de
702 4924 845 5003 martyrii
858 4924 1048 4985 necessitate
1100 4921 1115 4980 t
1133 4922 1216 4982 Petr.
1233 4920 1270 4994 b,
1287 4922 1326 4983 15
1341 4942 1349 4983 ε
1363 4922 1460 4985 Nemo
1475 4924 1610 4985 cestrrtm
1621 4919 1767 5003 patiatur
1781 4927 1811 4987 ul
1828 4920 1897 4983 lro-

257 4998 343 5077 qudd
359 5000 476 5080 aliquis
491 5005 650 5065 sustineat
661 5020 788 5080 poeuam
803 5001 926 5062 mortis.
1098 5000 1222 5068 orictdu,
1236 5009 1290 5061 aut
1303 5002 1369 5080 sur,
1380 5008 1436 5061 aut
1446 4999 1567 5081 aliquid
1580 5001 1760 5083 hujusmodi
1769 5022 1779 5068 .·
1793 5002 1821 5063 εἰ
1837 5020 1898 5061 au-

298 5076 326 5137 b.
344 5080 517 5150 Praeterea,
531 5080 723 5160 martyrium
737 5083 786 5141 cst
804 5084 894 5155 actus
909 5079 1045 5140 merito·
1100 5085 1159 5137 tem
1177 5087 1213 5139 ut
1234 5078 1438 5146 christianus,
1460 5098 1526 5141 uon
1542 5082 1717 5155 erubescat,
1734 5075 1899 5217 ῼΙονξὶῥεα

258 5156 340 5230 rius,
355 5164 390 5219 ut
402 5158 648 5222 dictumestart.
664 5158 1049 5237 prmc.,etnrt.2bujus
1100 5164 1202 5217 eutem
1215 5156 1792 5221 berrmtnrelucentnesmcxhoc
1831 5159 1898 5219 ici-

256 5253 334 5310 qu..
356 5234 397 5299 ad
417 5237 446 5299 1.
467 5237 528 5299 Sed
551 5241 642 5299 actus
659 5235 843 5297 meritorius
860 5252 923 5297 nou
943 5241 1046 5313 potest
1100 5240 1152 5294 tur
1181 5236 1297 5314 aliquis
1326 5236 1542 5309 christianus,
1571 5238 1649 5316 quia
1681 5242 1767 5298 tenet
1798 5232 1902 5297 iidem

257 5332 329 5375 csse
346 5320 418 5393 post
434 5319 578 5377 mortem.
592 5316 679 5393 Ergo
695 5316 769 5376 ante
788 5318 937 5389 mortem3
953 5320 985 5377 et
1002 5316 1047 5377 ita
1099 5312 1228 5377 Christi.
1248 5314 1333 5407 Ergo
1352 5316 1421 5379 sola
1436 5314 1512 5377 tides
1529 5314 1646 5379 Christi
1661 5316 1713 5379 dat
1735 5307 1906 5395 pa'tierrti-

258 5410 345 5453 urors
362 5411 427 5454 uon
442 5399 491 5455 est
505 5392 544 5455 de
559 5394 683 5455 ratione
696 5393 853 5471 martyrii.
1100 5393 1159 5453 bus
1175 5393 1317 5473 martyrri
1331 5394 1477 5472 gloriam.

298 5470 357 5531 Sed
370 5475 483 5534 contra
494 5478 544 5534 est
557 5470 642 5547 quod
654 5471 815 5533 Maximus
830 5470 906 5531 dicit
918 5469 952 5531 in
967 5487 1048 5548 quo·
1139 5470 1169 5528 2.
1189 5472 1366 5546 Praeterea,
1389 5475 1512 5552 martyr
1527 5470 1644 5533 dicitnr
1665 5470 1760 5551 quasi
1787 5472 1905 5533 testis.

239 5552 243 5557 “
257 5546 332 5609 dam
340 5566 490 5613 sermone
500 5550 539 5611 de
549 5550 697 5631 Martyr,
710 5548 795 5641 quod
807 5548 906 5611 eiucr‘t
913 5566 975 5628 pro
988 5549 1048 5630 fide
1100 5548 1331 5611 Testimonium
1350 5554 1457 5613 autem
1478 5568 1542 5611 non
1564 5550 1707 5611 redditur
1723 5540 1909 5613 nisi'uori-

257 5626 430 5693 moriendo.
445 5626 502 5707 qui
512 5628 764 5691 uinceretursrue
847 5626 990 5700 virendo.
1101 5627 1169 5687 tati.
1185 5626 1255 5688 Non
1269 5630 1377 5689 autern
1391 5626 1508 5706 aliquis
1524 5628 1639 5691 dicitur
1654 5636 1833 5709 martyres
1852 5637 1906 5689 to·

300 5702 488 5779 llcspondco
505 5704 675 5768 dicendum
696 5705 760 5785 qud
791 5704 907 5779 ,sicut
928 5704 1048 5766 dictum
1101 5704 1252 5765 stimouio
1272 5702 1443 5783 cujuslibet
1465 5704 1627 5785 veritatis,
1647 5704 1702 5767 sed
1728 5706 1836 5785 solum
1857 5724 1909 5769 cx

260 5782 307 5838 cst
320 5778 488 5861 1111111111.
505 5782 837 5864 qu.,·martyrdicitur
851 5784 943 5861 quasi
957 5782 1047 5845 testis
1102 5782 1285 5844 testimonio
1299 5782 1441 5847 veritatis
1457 5782 1571 5847 dirinoe
1590 5803 1598 5847 r
1613 5780 1759 5863 alloquin
1774 5782 1800 5847 si
1818 5787 1911 5857 qui:
