4067 6175
222 364 271 423 351
677 360 807 420 sullae
824 356 1052 418 ltaoboolcra
1067 354 1221 418 SECUNDA
1242 360 1418 422 SECUNDA).
1801 368 1853 429 ³52

223 476 509 549 samosataeus,
524 473 744 555 estquoddaro
762 471 930 552 spirituale
949 472 1011 533 bo-
1063 471 1251 535 scandalom
1272 474 1485 551 pusillorum
1509 476 1640 555 propter
1663 478 1751 559 qnod
1774 486 1850 543 suar

223 575 314 620 uum.
338 555 398 619 Sed
419 550 577 617 interdum
599 572 641 616 ex
665 551 820 616 charitate
842 548 1012 611 dimittitur
1063 550 1245 629 spiritualia
1269 552 1355 615 bona
1371 553 1429 625 ¹vel
1449 554 1657 625 occultanda.
1681 557 1732 620 vel
1753 558 1850 621 etiam

210 635 263 697 ’ad
281 635 446 697 vitandum
463 632 651 695 scandalum
667 631 824 703 aliorum,
838 635 875 691 ut
892 630 1011 707 Augu·
1063 626 1221 705 interdum
1235 626 1425 704 differenda,
1438 632 1493 693 ubi
1513 632 1692 711 periculum
1711 651 1778 697 non
1792 636 1852 699 im.

222 715 327 776 stinas
351 712 426 774 dicit
447 712 510 773 iu1
533 710 572 772 de
587 710 680 772 Civit.
704 710 778 782 liei,
794 726 865 787 cap.
882 706 913 780 9,
934 712 1011 769 ante
1062 706 1180 777 minet,
1198 725 1369 787 quousque
1386 708 1509 773 reddita
1521 712 1647 773 ratione
1668 711 1850 793 hujusmodi

223 793 307 855 med.
318 792 404 883 Ergo
415 792 535 852 bouum
546 788 715 869 spirituale
723 791 773 849 est
781 790 913 866 propter
922 802 1015 848 scau·
1059 785 1250 849 scandalum
1267 792 1390 861 cesset;
1411 788 1437 848 si
1461 792 1569 851 aulem
1601 796 1675 869 post
1695 792 1852 854 redditam

225 870 333 933 datum
349 868 581 931 dimittendum.
1062 862 1220 925 rationem
1227 864 1410 957 hujusmodi
1420 868 1607 931 scandalum
1616 869 1720 944 duret,
1730 868 1797 950 jam
1806 870 1854 933 vi-

263 949 294 1009 ls.
320 950 496 1019 Praeterea,
516 946 732 1023 Hieronymus
751 942 827 1004 dicit
873 942 1011 1003 babetur
1062 934 1465 1015 delurexmalrtidesse,et
1478 946 1851 1025 sicpropteripsumnon

224 1030 259 1090 in
276 1024 392 1089 Glossd
403 1026 470 1088 Nic.
485 1024 557 1087 del.
578 1020 628 1096 rd,
643 1040 716 1101 sup.
730 1022 810 1084 illud
857 1020 937 1082 attb.
953 1019 1008 1080 15:
1062 1025 1139 1081 suat
1152 1018 1335 1099 hujusmodi
1345 1022 1526 1101 spiritualia
1537 1040 1636 1103 opera
1650 1024 1846 1089 dimittenda.

223 1106 341 1169 Audito
357 1103 416 1166 boe
434 1120 509 1165 scon
563 1100 657 1169 isati,
684 1098 766 1178 etc.)
787 1097 874 1178 qubd
896 1098 1011 1159 dimit-
1102 1097 1150 1159 hd
1164 1099 1305 1192 primum
1317 1117 1394 1180 ergo
1406 1100 1575 1163 dicendum
1585 1102 1670 1181 qudd
1683 1120 1852 1182 pinnarum

224 1184 350 1247 tardam
363 1189 407 1243 est
415 1177 742 1262 propterseoodotom
755 1195 842 1239 omne
854 1174 938 1258 qood
949 1195 1012 1255 po·
1062 1174 1272 1239 indictionoa
1294 1182 1343 1239 est
1365 1185 1495 1258 propter
1516 1198 1551 1241 se
1572 1182 1773 1259 expetenda;
1795 1183 1850 1245 sod

225 1272 282 1325 test
294 1259 493 1343 praetermitti
505 1258 593 1321 saled
605 1254 727 1337 triplici
740 1255 878 1324 veritate,
892 1254 1011 1318 scilicet
1063 1272 1165 1331 prenae
1187 1254 1376 1335 indignatur
1401 1262 1438 1319 ut
1458 1258 1622 1323 medicina
1646 1260 1852 1339 quaedamsed

223 1343 312 1413 eitra,
319 1338 455 1420 justitio
474 1346 501 1399 et
517 1336 679 1399 doctrina.
695 1334 754 1397 Sed
771 1333 912 1411 impletio
926 1350 1012 1395 con·
1062 1332 1241 1397 cohibenda
1254 1340 1405 1413 peccata;
1420 1340 1451 1397 et
1463 1335 1534 1399 ideb
1549 1336 1584 1397 in
1596 1341 1721 1399 tantum
1733 1338 1854 1400 babent

223 1421 391 1489 siliarum,
406 1420 440 1479 et
456 1416 585 1497 largitio
598 1416 876 1493 eleemosynarum
891 1412 1012 1472 multo-
1061 1411 1220 1473 rationem
1231 1411 1381 1491 justitiae,
1395 1412 1429 1474 in
1446 1418 1604 1492 quantum
1623 1434 1682 1495 per
1702 1432 1757 1478 eas
1772 1434 1854 1495 peo-

225 1498 285 1559 ties
321 1500 405 1561 otest
415 1493 613 1575 praetermitti
630 1489 721 1555 salva
744 1490 861 1569 triplici
878 1491 1011 1551 veritate
1063 1492 1134 1553 eata
1155 1490 1356 1553 cohibentur.
1381 1492 1422 1559 Si.
1438 1496 1547 1557 autem
1566 1510 1625 1571 per
1644 1492 1851 1561 intlictiouem

223 1594 263 1653 pr
312 1575 395 1647 icta3
415 1573 560 1652 alioquin
575 1588 702 1650 semper
717 1572 887 1649 peccarent
899 1584 1010 1629 omnes
1063 1585 1231 1647 poeuarum
1251 1569 1456 1631 manifestum
1482 1573 1525 1632 sit
1550 1573 1644 1649 plura
1674 1576 1706 1633 et
1728 1570 1851 1653 majora

223 1656 282 1732 qui
297 1654 560 1733 praetermittunt3
575 1654 725 1711 ettamen
739 1646 1012 1710 brocsuutmaxi-
1062 1650 1193 1724 peccata
1217 1648 1329 1725 sequi,
1349 1652 1426 1710 tunc
1446 1666 1615 1727 paenarum
1632 1648 1765 1715 intlictio
1786 1668 1851 1711 non

224 1749 278 1795 ma
292 1734 375 1795 inter
394 1729 576 1809 spiritualia
596 1742 707 1805 opera.
724 1727 810 1806 Ergo
829 1725 1011 1803 spiritualia
1063 1724 1279 1787 continebitur
1298 1728 1358 1787 sub
1370 1726 1494 1805 justitia
1507 1748 1515 1801 ;
1530 1731 1562 1790 et
1580 1729 1613 1789 in
1630 1728 1692 1791 boc
1708 1744 1786 1791 cusu
1801 1728 1853 1791 lo-

224 1827 324 1888 opera
334 1811 450 1871 debent
459 1806 654 1887 praetermitti
669 1810 800 1944 profiter
811 1803 1009 1865 scandalum.
1062 1802 1174 1880 quitur
1188 1805 1409 1884 Augustinus,
1433 1806 1564 1884 quando
1585 1806 1708 1869 scilicet
1728 1825 1770 1869 ex
1786 1826 1852 1869 ex-

263 1888 294 1949 5.
315 1890 491 1957 Praeterea,
509 1886 618 1949 vitatio
639 1884 731 1964 cujus
747 1884 810 1944 'bet
825 1880 947 1959 peccati
963 1886 1012 1943 est
1063 1881 1351 1947 communicatione
1367 1882 1554 1961 aliquorum
1565 1884 1709 1956 imminet
1724 1884 1852 1963 pericu·

223 1967 385 2045 quoddam
404 1964 572 2042 spirituale
590 1966 730 2034 bonum3
751 1961 830 2038 quia
847 1960 1012 2039 quodlibet
1063 1959 1131 2021 lum
1152 1959 1353 2035 schismatis3
1378 1965 1455 2028 lunc
1473 1962 1560 2023 enim
1583 1962 1852 2025 excommunica-

225 2050 391 2122 peccatum
412 2042 505 2105 atiert
526 2040 668 2119 peccanti
690 2037 822 2116 aliquod
843 2037 1011 2117 spirituale
1064 2054 1137 2099 nem
1152 2037 1235 2101 terre
1250 2055 1314 2099 non
1331 2041 1469 2119 pertinet
1481 2040 1521 2101 ad
1531 2034 1849 2120 veritatemjustitia.

223 2123 459 2185 detrimentum.
475 2120 536 2183 Sed
549 2120 674 2180 ridetur
687 2116 772 2196 quod
785 2133 843 2195 pro
858 2114 1011 2178 scandalo
1102 2115 1149 2177 hd
1164 2116 1338 2179 secundum
1354 2118 1521 2181 dicendum
1536 2118 1622 2197 quod
1636 2118 1721 2185 circa
1733 2120 1851 2181 doetri-

223 2201 364 2280 proximi
387 2200 519 2263 vitando
539 2198 654 2261 debeat
674 2195 792 2274 aliquis
815 2193 1011 2274 quandoque
1064 2208 1139 2255 uam
1153 2194 1217 2255 duo
1234 2200 1308 2256 sunt
1324 2192 1576 2268 consideranda,
1595 2195 1715 2259 scilicet
1729 2198 1851 2260 veritas

223 2297 357 2359 peceare
378 2279 558 2350 venialiter,
577 2272 656 2355 putd
675 2270 750 2337 cam
774 2271 935 2351 peccando
956 2290 1012 2334 vc-
1062 2288 1136 2349 quas
1151 2270 1294 2345 docetur,
1309 2274 1423 2353 etipse
1439 2279 1530 2336 actus
1546 2273 1852 2353 docendi3quorunr

223 2360 354 2423 nialitcr
366 2356 498 2434 impedit
515 2359 680 2434 peecatum
702 2351 839 2414 mortale
854 2351 1009 2422 alterius3
1063 2350 1202 2427 primum
1216 2355 1266 2413 est
1279 2352 1317 2414 de
1332 2353 1522 2415 necessitate
1539 2354 1665 2425 salutis,
1683 2358 1719 2415 ut
1731 2354 1852 2417 scilicet

223 2438 318 2501 debet
345 2437 432 2499 enim
464 2436 559 2495 bomo
586 2430 742 2509 impedire
772 2429 1012 2492 damnationem
1064 2430 1261 2491 contrarium
1278 2430 1405 2494 veritati
1421 2448 1487 2492 nou
1501 2432 1633 2504 doceat,
1649 2430 1706 2494 sed
1729 2429 1852 2496 uerita-

223 2515 362 2595 proximi
374 2510 531 2593 quaotrlm
542 2510 724 2589 potestsine
736 2507 926 2569 detrimento
938 2523 1012 2584 pro·
1063 2511 1129 2568 tem
1158 2506 1334 2570 seeundum
1366 2509 1611 2589 congruentiam
1641 2510 1793 2589 ternporis
1820 2515 1852 2572 et

223 2593 302 2673 pria
315 2593 441 2664 salutis,
456 2608 529 2669 quae
545 2606 610 2651 noo
631 2587 755 2649 tollitur
767 2603 826 2664 per
845 2591 1011 2663 peecatum
1063 2601 1276 2661 personarum
1297 2590 1459 2663 proponat
1477 2587 1531 2647 ille
1548 2588 1598 2649 cui
1620 2587 1777 2650 incumbit
1788 2587 1852 2650 do-

224 2672 362 2735 veuiale.
373 2671 459 2749 Ergo
470 2666 602 2747 aliquod
609 2667 731 2728 bouum
740 2662 907 2743 spirituale
919 2661 1012 2723 debet
1063 2662 1154 2723 cendi
1170 2662 1329 2737 officium3
1346 2670 1377 2725 et
1391 2664 1462 2725 ideb
1476 2670 1608 2743 propter
1621 2666 1747 2729 nubum
1757 2683 1853 2729 sean-

120 2789 125 2801 ·
223 2751 322 2814 bomo
339 2747 581 2829 pretermittere
599 2747 732 2824 propter
750 2740 940 2807 scandalum
961 2739 1013 2803 vi·
1063 2740 1172 2801 datum
1199 2741 1291 2833 quod
1309 2742 1402 2833 sequi
1427 2742 1588 2817 rideatur,
1613 2742 1707 2806 debet
1728 2745 1853 2817 bomo,

223 2829 368 2893 nodum.
1064 2817 1278 2911 praetermissa
1295 2823 1445 2893 ueritate,
1462 2820 1634 2884 falsitatem
1648 2822 1773 2885 dooere.
1793 2822 1851 2883 Sed

261 2906 323 2971 Sed
337 2910 449 2969 contra
463 2907 510 2965 est
530 2900 618 2981 quod
631 2901 675 2963 Gr
716 2898 805 2962 orius
819 2895 896 2960 dicit
914 2914 1013 2976 super
1064 2915 1133 2975 rpse
1146 2902 1236 2961 actus
1257 2897 1389 2959 docendi
1404 2897 1489 2960 inter
1507 2900 1691 2977 spirituales
1708 2902 1853 2963 elcemo-

222 2986 353 3059 ascen,
367 2985 455 3045 hom.
468 2983 501 3056 l,
517 2982 676 3058 aliquant.
723 2978 826 3056 priuc.
839 2996 848 3037 r
861 2976 899 3038 Si
910 2975 947 3039 de
957 2994 1014 3037 oe·
1064 2994 1079 3039 s
1103 2992 1162 3039 nas
1179 2980 1395 3055 computatur,
1413 2982 1562 3057 utsupra
1578 2978 1697 3041 dictum
1713 2982 1777 3053 est,
1794 2996 1849 3057 qu.

223 3064 320 3128 ritate
337 3061 518 3125 tremulam
532 3059 680 3127 sumitur,
700 3054 814 3120 atitiris
829 3055 919 3148 tratri
933 3071 1014 3134 per-
1063 2995 1119 3130 δὲ,
1136 3057 1197 3117 art.
1222 3054 1260 3128 2,
1279 3058 1310 3118 et
1330 3054 1400 3118 ided
1418 3055 1529 3120 eadem
1555 3056 1637 3120 ratio
1665 3061 1714 3122 est
1729 3057 1768 3120 de
1788 3056 1853 3120 do—

222 3142 363 3208 mittt‘tur
375 3139 556 3203 coroddam
568 3137 662 3217 qadm
675 3133 759 3217 padri
778 3141 894 3196 ecrttm
910 3133 1013 3194 retia·
1064 3131 1179 3207 ctrind,
1194 3138 1226 3195 et
1236 3133 1276 3195 de
1294 3135 1366 3197 aliis
1381 3135 1607 3200 misericordiae
1628 3153 1647 3198 ο
1671 3137 1779 3200 eribus
1791 3157 1800 3212 ;
1813 3131 1853 3198 dc

223 3229 349 3303 quotu.
365 3219 423 3282 Sed
446 3221 531 3280 bona
554 3234 569 3278 s
594 3213 737 3278 iritualia
753 3211 1014 3306 maaimdperti-
1064 3213 1181 3290 quibus
1196 3216 1308 3289 postea
1321 3212 1455 3286 dicetur,
1471 3215 1506 3275 in
1519 3233 1606 3293 resp.
1621 3155 1669 3278 ad
1675 3213 1706 3275 b.

224 3305 301 3364 nent
314 3300 354 3362 ad
368 3297 546 3361 veritatem.
584 3311 642 3374 rgo
654 3296 739 3356 boua
750 3291 932 3371 spiritualia
946 3307 1012 3354 oon
1103 3289 1151 3350 Ad
1169 3290 1299 3351 tertium
1321 3289 1490 3353 dicendum
1510 3292 1597 3370 qudd
1613 3295 1769 3362 correctio
1784 3291 1854 3358 ira·-

223 3384 301 3443 suut
311 3381 443 3457 propter
456 3373 645 3438 scandalum
657 3369 854 3434 dimittenda.
1064 3371 1167 3442 terna
1179 3368 1263 3429 sicut
1275 3384 1375 3447 supra
1385 3367 1506 3430 dictum
1520 3375 1579 3446 est,
1595 3375 1708 3449 quaest.
1723 3371 1774 3444 33,
1790 3377 1852 3434 art.

263 3455 452 3536 llespondeo
465 3452 634 3514 dicendum
647 3449 745 3528 qudd,
759 3445 832 3512 edm
841 3445 962 3527 duplex
971 3447 1014 3507 sit
1065 3447 1100 3518 1,
1128 3445 1296 3511 ordinatur
1319 3445 1360 3510 ad
1385 3446 1640 3511 emendationem
1664 3448 1793 3522 iratris;
1821 3454 1853 3512 ot

224 3537 433 3606 scandalum,
459 3530 599 3594 activum
624 3528 747 3591 scilicet
766 3533 799 3590 et
826 3525 1011 3604 passivum,
1065 3523 1136 3588 ided
1150 3524 1184 3585 iu
1198 3528 1324 3587 tantum
1344 3527 1560 3604 computanda
1578 3530 1626 3589 est
1647 3527 1732 3589 inter
1753 3527 1854 3606 spiri-

222 3617 359 3696 qurestio
378 3613 440 3674 ista
464 3627 530 3672 noo
552 3609 649 3671 habet
669 3609 776 3668 locum
795 3606 834 3666 de
855 3603 1010 3667 scandalo
1065 3603 1167 3667 tualia
1179 3604 1275 3679 bona,
1286 3603 1320 3665 iu
1329 3607 1488 3682 quantum
1499 3603 1561 3668 boc
1572 3605 1727 3684 consequi
1736 3611 1851 3684 potest3

224 3695 346 3766 activo,
360 3690 439 3770 quia
450 3687 523 3753 cum
538 3686 726 3750 scandalum
738 3685 880 3746 activum
900 3683 943 3744 sit
955 3682 1014 3743 di·
1064 3681 1150 3761 quod
1165 3699 1230 3742 nou
1244 3683 1419 3762 contingit,
1436 3682 1463 3744 si
1478 3699 1521 3744 ex
1537 3683 1735 3746 correctione
1754 3682 1854 3747 irater

224 3771 370 3835 etemoel
389 3771 507 3848 sactum
516 3763 768 3832 minderectam,
782 3761 1012 3824 nibilestcum
1065 3760 1310 3822 scandalizetur.
1327 3759 1367 3834 Et
1381 3759 1462 3834 iaco,
1481 3761 1507 3823 si
1544 3761 1854 3840 roplerscaodalum
1905 3827 1907 3834 Α

225 3848 377 3914 scandalo
393 3845 499 3908 actim
513 3842 703 3914 iaciendum.
1065 3839 1220 3900 correctio
1230 3838 1418 3915 dimittatur,
1432 3857 1497 3902 uon
1528 3841 1675 3903 imittitur
1686 3839 1853 3920 spirituale

264 3917 760 3997 asbetsutemlocumquostio,
775 3915 801 3978 si
815 3916 1014 3996 intelligatur
1066 3918 1199 3978 bonum.
1720 3985 1725 3994 ι

224 3995 1011 4093 descandalopassiro.Considerandumestergo,
1105 3994 1152 4055 hd
1178 3997 1329 4072 quartum
1354 3992 1524 4056 dicendum
1548 3995 1636 4074 qubd
1664 3994 1695 4056 in
1721 3995 1855 4059 veritate

225 4083 302 4165 quid
316 4084 358 4144 sit
371 4078 609 4147 dimittendum,
626 4092 668 4136 ne
680 4074 797 4151 aliquis
810 4073 1014 4135 scandalize-
1067 4071 1149 4144 vita,
1167 4071 1319 4134 doctrinae
1337 4075 1368 4133 et
1379 4071 1531 4150 justitio,
1549 4091 1613 4135 non
1632 4071 1736 4135 soldm
1757 4092 1854 4136 com-

226 4170 289 4226 tur.
301 4163 358 4223 Est
372 4163 481 4222 autem
495 4156 529 4216 in
548 4153 769 4234 spiritualibus
791 4152 884 4213 bonis
901 4151 1013 4212 distin·
1066 4149 1274 4228 prehenditur
1287 4149 1319 4210 id
1353 4149 1417 4210 uod
1432 4155 1481 4212 est
1500 4149 1538 4210 de
1554 4152 1744 4214 necessitate
1756 4153 1853 4216 salu-

226 4239 399 4324 goeodum.
414 4238 496 4298 Nam
510 4233 656 4312 quaedam
675 4233 791 4293 horum
806 4234 882 4291 suut
900 4228 940 4290 de
953 4247 1015 4290 ue-
1066 4229 1119 4298 tis,
1136 4227 1302 4290 sedetiam
1324 4167 1356 4287 td
1370 4246 1428 4306 per
1444 4227 1530 4306 quod
1546 4227 1716 4308 pcrieotids
1732 4249 1854 4311 perve-

225 4321 374 4385 cessitate
388 4315 521 4386 salutis,
541 4330 614 4392 qua
633 4309 830 4390 praetermitti
853 4325 917 4369 non
931 4325 1014 4385 pos-
1067 4307 1154 4367 nitur
1170 4305 1382 4378 adsalutem,
1401 4302 1577 4368 secundum
1594 4308 1671 4369 illud
1692 4310 1763 4372 lad
1777 4308 1852 4372 Cor.

225 4405 302 4464 suot
324 4399 394 4460 sine
440 4396 549 4457 cecato
571 4390 711 4452 mortali.
739 4385 945 4448 Manitestum
966 4392 1014 4447 cst
1067 4383 1116 4457 12,
1131 4383 1168 4443 31
1181 4403 1190 4443 ε
1204 4383 1406 4444 AEmulcmt'ni
1419 4383 1752 4449 cbarisnrotamelr‘oro.
1766 4387 1853 4451 Unde

225 4483 333 4543 autem
346 4493 392 4554 qu
447 4472 556 4534 nullus
570 4471 663 4531 debet
676 4466 853 4528 mortaliter
868 4481 1012 4543 peccare,
1066 4464 1161 4525 etiam
1170 4461 1304 4524 consilia
1313 4479 1376 4523 uon
1388 4468 1463 4524 sunt
1473 4463 1659 4544 simpliciter
1667 4466 1853 4546 praetermit-

224 4562 262 4620 ut
275 4555 408 4620 alterius
423 4556 590 4629 peccatum
608 4545 779 4624 impediat;
801 4543 878 4621 quia
892 4559 1014 4604 secun-
1067 4541 1174 4612 tenda,
1190 4557 1250 4603 nec
1262 4540 1357 4602 etiam
1371 4540 1597 4606 misericordia
1611 4562 1708 4624 opera
1723 4547 1854 4625 propter

223 4634 302 4698 dium
310 4625 626 4694 ordinemcharilatis
634 4623 807 4702 plusdebet
816 4623 912 4682 homo
921 4638 1014 4683 suam
1066 4618 1273 4690 scandalum
1294 4617 1349 4680 scd
1373 4622 1449 4680 sunl
1476 4619 1634 4684 interdum
1664 4621 1853 4685 occultanda

226 4714 363 4776 salutem
384 4706 584 4786 spiritualem
599 4703 732 4782 diligere
754 4698 1012 4780 quamalterius.
1067 4699 1117 4759 vel
1140 4695 1314 4760 diileronda
1341 4703 1471 4776 propter
1497 4701 1684 4762 scandalum
1709 4699 1851 4778 pusillo-

225 4793 266 4853 llt
277 4787 349 4851 ideb
360 4804 401 4850 ea
417 4802 490 4863 qum
508 4788 585 4846 sunt
608 4782 647 4843 de
668 4780 859 4842 necessitate
877 4778 1012 4849 salutis,
1066 4795 1151 4848 rum,
1166 4779 1202 4838 ut
1215 4775 1334 4836 dictum
1349 4780 1398 4838 est
1418 4776 1451 4837 in
1468 4794 1556 4856 corp.
1573 4783 1633 4840 art.
1654 4776 1851 4854 Quandoque

226 4864 424 4950 protermitti
448 4880 514 4924 uon
535 4862 651 4923 debent
672 4861 805 4938 propter
826 4856 1015 4919 scandalum
1066 4859 1174 4918 nmen
1205 4855 1413 4915 consiliorum
1442 4857 1624 4918 observatio
1655 4859 1686 4916 ct
1709 4851 1850 4931 impletio

227 4946 403 5014 vitandum.
1066 4951 1201 5012 operum
1218 4931 1443 4996 misericordiae
1455 4937 1531 4994 sunt
1542 4932 1581 4994 tle
1594 4930 1782 4994 necessitate
1796 4947 1853 4992 sa-

266 5027 304 5088 ln
318 5025 369 5086 bis
381 5023 490 5085 autem
511 5015 733 5096 spiritualibus
752 5003 849 5075 bonid
858 5029 932 5091 queo
948 5029 1012 5073 non
1067 5009 1254 5088 lutis;quod
1264 5015 1351 5088 patet
1360 5011 1392 5071 in
1406 5011 1455 5070 his
1470 5010 1525 5088 qui
1533 5010 1601 5088 jam
1611 5013 1771 5072 voverunt
1783 5026 1854 5072 con·

226 5110 305 5169 sunt
326 5103 365 5165 dc
386 5099 576 5162 necessitate
600 5093 733 5165 salutis,
747 5091 873 5152 videtur
893 5090 1016 5151 distin-
1067 5091 1151 5166 silla,
1160 5094 1192 5152 et
1208 5089 1241 5148 in
1256 5089 1305 5150 bis
1316 5089 1433 5166 quibus
1444 5106 1485 5148 ex
1497 5087 1602 5150 debito
1615 5087 1759 5149 immanet
1769 5087 1854 5150 deie-

226 5181 403 5266 guendum.
417 5177 501 5253 Quia
524 5171 708 5237 scandalum
723 5169 808 5248 quod
824 5187 866 5230 ex
881 5168 928 5230 eis
945 5169 1016 5228 ori·
1068 5169 1170 5230 ctibus
1181 5167 1319 5228 aliorum
1334 5166 1504 5227 subvenire
1514 5165 1566 5227 vel
1581 5165 1613 5226 in
1624 5167 1853 5244 temporalibus

228 5271 293 5336 tur,
306 5257 502 5341 quandoque
516 5271 558 5315 ex
569 5247 693 5314 mmitid
704 5247 857 5340 procedit,
870 5244 943 5309 cium
954 5245 1016 5338 sci·
1069 5245 1160 5386 {puta
1197 5245 1334 5310 ascendo
1350 5241 1574 5335 esurientem),
1590 5243 1641 5306 vet
1655 5243 1688 5304 in
1703 5245 1854 5337 spiritua·

227 5344 304 5405 lieet
316 5337 417 5416 aliqui
430 5334 542 5398 volunt
554 5329 707 5409 impedire
720 5325 904 5406 hujusmodl
917 5342 1016 5401 sprn-
1083 5326 1155 5387 rbus
1175 5263 1273 5418 sputa
1289 5320 1430 5411 docendo
1452 5321 1695 5402 ignorantem),
1709 5342 1776 5386 save
1791 5324 1855 5384 hu-

227 5421 330 5484 tuelia
342 5420 445 5486 bona,
459 5410 611 5474 seandala
624 5405 815 5470 concitando
826 5425 835 5477 ς
847 5409 881 5466 et
893 5402 956 5464 hoc
967 5408 1016 5464 est
1066 5403 1207 5484 jusmodi
1221 5401 1301 5464 liant
1313 5399 1420 5490 debita
1434 5404 1565 5492 propter
1583 5399 1763 5480 injunctum
1778 5401 1855 5463 olli-

229 5497 418 5563 seaudalum
438 5491 696 5560 Pharisaeorum,
726 5483 783 5563 qui
808 5483 848 5543 de
869 5479 1017 5544 doctrina
1069 5484 1166 5552 cium,
1181 5486 1217 5541 ut
1231 5481 1316 5559 patet
1331 5495 1363 5537 sn
1379 5479 1539 5556 praelatis,
1557 5479 1627 5540 sive
1648 5485 1778 5560 propter
1791 5498 1855 5542 ne-

229 5576 356 5640 liomini
374 5569 694 5638 scandalizabantur;
732 5562 795 5624 uod
812 5579 884 5624 esse
904 5565 1017 5621 coute-
1070 5561 1250 5622 cessitatem
1273 5555 1460 5694 indigenum
1483 5561 1515 5618 et
1538 5561 1614 5620 tunc
1639 5558 1749 5621 eadem
1773 5559 1855 5620 ratio

229 5655 403 5718 mnendum
414 5649 569 5712 Dominus
583 5644 684 5714 docet,
732 5642 810 5702 alth.
827 5639 876 5700 15.
1070 5643 1119 5700 est
1132 5637 1170 5698 de
1186 5635 1335 5715 hujusmo
1358 5633 1620 5708 1,sicutdcaliis
1636 5653 1709 5716 quae
1723 5644 1797 5699 suut
1816 5635 1854 5698 de

267 5732 469 5809 Quandoque
490 5726 566 5788 verb
593 5721 781 5786 scandalum
809 5717 952 5812 procedit
975 5734 1017 5778 ex
1071 5715 1260 5778 necessitato
1277 5713 1401 5775 salutis.

232 5809 415 5876 infirmitate
436 5806 486 5894 apl
505 5801 705 5880 ignorantii3
724 5803 757 5864 et
769 5795 952 5879 hujusmodi
969 5800 1017 5858 est
1110 5793 1157 5858 hd
1171 5792 1320 5870 quintum
1332 5791 1501 5858 dicendum
1514 5791 1602 5874 qubd
1621 5791 1750 5874 quidam
1763 5788 1856 5852 dius.
