<?xml version="1.0" encoding="UTF-8"?>
<!DOCTYPE html PUBLIC "-//W3C//DTD XHTML 1.0 Transitional//EN"
    "http://www.w3.org/TR/xhtml1/DTD/xhtml1-transitional.dtd">
<html xmlns="http://www.w3.org/1999/xhtml" xml:lang="en" lang="en">
 <head>
  <title>
</title>
<meta http-equiv="Content-Type" content="text/html;charset=utf-8" />
  <meta name='ocr-system' content='tesseract 3.04.00' />
  <meta name='ocr-capabilities' content='ocr_page ocr_carea ocr_par ocr_line ocrx_word'/>
</head>
<body>
  <div class='ocr_page' id='page_1' title='image "./summatheologica01migngoog_0387.png"; bbox 0 0 4067 6175; ppageno 0'>
   <div class='ocr_carea' id='block_1_1' title="bbox 199 239 1837 350">
    <p class='ocr_par' dir='ltr' id='par_1_1' title="bbox 199 239 1837 350">
     <span class='ocr_line' id='line_1_1' title="bbox 199 239 1837 350; baseline -0.005 0"><span class='ocrx_word' id='word_1_1' title='bbox 199 293 251 350; x_wconf 86' lang='lat' dir='ltr'><strong>ros</strong></span> <span class='ocrx_word' id='word_1_2' title='bbox 813 279 949 348; x_wconf 78' lang='lat' dir='ltr'><strong>pansa.</strong></span> <span class='ocrx_word' id='word_1_3' title='bbox 971 279 1002 337; x_wconf 90' lang='lat' dir='ltr'><strong>c.</strong></span> <span class='ocrx_word' id='word_1_4' title='bbox 1022 279 1068 336; x_wconf 85' lang='lat' dir='ltr'><strong>nn</strong></span> <span class='ocrx_word' id='word_1_5' title='bbox 1085 277 1232 338; x_wconf 80' lang='lat' dir='ltr'><strong>svuosu.</strong></span> <span class='ocrx_word' id='word_1_6' title='bbox 1306 239 1308 243; x_wconf 42' lang='lat'><em>⁷</em></span> <span class='ocrx_word' id='word_1_7' title='bbox 1386 309 1391 316; x_wconf 85' lang='lat'><strong>·</strong></span> <span class='ocrx_word' id='word_1_8' title='bbox 1782 287 1837 348; x_wconf 81' lang='lat' dir='ltr'><strong>us</strong></span> 
     </span>
    </p>
   </div>
   <div class='ocr_carea' id='block_1_2' title="bbox 66 379 1879 3213">
    <p class='ocr_par' dir='ltr' id='par_1_2' title="bbox 66 379 1879 3213">
     <span class='ocr_line' id='line_1_2' title="bbox 199 379 1832 484; baseline -0.007 -16"><span class='ocrx_word' id='word_1_9' title='bbox 199 379 286 470; x_wconf 78' lang='lat' dir='ltr'><strong>ilnde</strong></span> <span class='ocrx_word' id='word_1_10' title='bbox 304 402 357 464; x_wconf 87' lang='lat' dir='ltr'><strong>ille</strong></span> <span class='ocrx_word' id='word_1_11' title='bbox 373 395 525 479; x_wconf 71' lang='lat' dir='ltr'><strong>qni&#39;gerit</strong></span> <span class='ocrx_word' id='word_1_12' title='bbox 539 411 650 459; x_wconf 88' lang='lat' dir='ltr'><strong>curam</strong></span> <span class='ocrx_word' id='word_1_13' title='bbox 671 394 776 474; x_wconf 86' lang='lat' dir='ltr'><strong>pueri,</strong></span> <span class='ocrx_word' id='word_1_14' title='bbox 790 394 822 454; x_wconf 94' lang='lat' dir='ltr'><strong>in</strong></span> <span class='ocrx_word' id='word_1_15' title='bbox 839 391 892 453; x_wconf 87' lang='lat' dir='ltr'><strong>tali</strong></span> <span class='ocrx_word' id='word_1_16' title='bbox 909 409 987 454; x_wconf 89' lang='lat' dir='ltr'><strong>casu</strong></span> <span class='ocrx_word' id='word_1_17' title='bbox 1080 389 1154 452; x_wconf 85' lang='lat' dir='ltr'><strong>dist.</strong></span> <span class='ocrx_word' id='word_1_18' title='bbox 1168 390 1220 460; x_wconf 74' lang='lat'><strong>25,</strong></span> <span class='ocrx_word' id='word_1_19' title='bbox 1298 401 1338 456; x_wconf 80' lang='lat' dir='ltr'><strong>st.</strong></span> <span class='ocrx_word' id='word_1_20' title='bbox 1352 394 1384 471; x_wconf 80' lang='grc'><strong>3,</strong></span> <span class='ocrx_word' id='word_1_21' title='bbox 1396 404 1458 460; x_wconf 87' lang='lat' dir='ltr'><strong>ort.</strong></span> <span class='ocrx_word' id='word_1_22' title='bbox 1472 397 1504 470; x_wconf 78' lang='lat'><strong>2,</strong></span> <span class='ocrx_word' id='word_1_23' title='bbox 1515 404 1625 479; x_wconf 78' lang='lat' dir='ltr'><strong>quest.</strong></span> <span class='ocrx_word' id='word_1_24' title='bbox 1637 398 1832 484; x_wconf 52' lang='lat' dir='ltr'><strong>dupundi,</strong></span> 
     </span>
     <span class='ocr_line' id='line_1_3' title="bbox 202 469 1235 553; baseline -0.016 -7"><span class='ocrx_word' id='word_1_25' title='bbox 202 482 282 546; x_wconf 77' lang='lat' dir='ltr'><strong>licite</strong></span> <span class='ocrx_word' id='word_1_26' title='bbox 316 484 399 542; x_wconf 88' lang='lat' dir='ltr'><strong>otest</strong></span> <span class='ocrx_word' id='word_1_27' title='bbox 407 494 481 539; x_wconf 91' lang='lat' dir='ltr'><strong>enm</strong></span> <span class='ocrx_word' id='word_1_28' title='bbox 500 476 676 553; x_wconf 88' lang='lat' dir='ltr'><strong>baptizare,</strong></span> <span class='ocrx_word' id='word_1_29' title='bbox 691 470 771 535; x_wconf 79' lang='lat' dir='ltr'><strong>vcld</strong></span> <span class='ocrx_word' id='word_1_30' title='bbox 784 487 989 550; x_wconf 84' lang='lat' dir='ltr'><strong>quocumque</strong></span> <span class='ocrx_word' id='word_1_31' title='bbox 1081 469 1113 540; x_wconf 90' lang='grc'><strong>8,</strong></span> <span class='ocrx_word' id='word_1_32' title='bbox 1129 479 1190 530; x_wconf 81' lang='lat' dir='ltr'><strong>art.</strong></span> <span class='ocrx_word' id='word_1_33' title='bbox 1206 471 1235 529; x_wconf 74' lang='lat'><strong>2.</strong></span> 
     </span>
     <span class='ocr_line' id='line_1_4' title="bbox 104 501 1835 640; baseline -0.003 -14"><span class='ocrx_word' id='word_1_34' title='bbox 104 559 108 566; x_wconf 76' lang='grc'><em>’</em></span> <span class='ocrx_word' id='word_1_35' title='bbox 197 564 262 626; x_wconf 84' lang='lat' dir='ltr'><strong>alio</strong></span> <span class='ocrx_word' id='word_1_36' title='bbox 292 501 397 622; x_wconf 60' lang='lat' dir='ltr'><strong>Emere</strong></span> <span class='ocrx_word' id='word_1_37' title='bbox 428 554 596 632; x_wconf 88' lang='lat' dir='ltr'><strong>baptizari.</strong></span> <span class='ocrx_word' id='word_1_38' title='bbox 625 555 735 614; x_wconf 87' lang='lat' dir='ltr'><strong>Posset</strong></span> <span class='ocrx_word' id='word_1_39' title='bbox 764 556 871 612; x_wconf 88' lang='lat' dir='ltr'><strong>tamen</strong></span> <span class='ocrx_word' id='word_1_40' title='bbox 904 549 989 611; x_wconf 84' lang='lat' dir='ltr'><strong>licitd</strong></span> <span class='ocrx_word' id='word_1_41' title='bbox 1057 548 1129 640; x_wconf 67' lang='lat'><strong>.¹.¹‘¹</strong></span> <span class='ocrx_word' id='word_1_42' title='bbox 1147 551 1274 640; x_wconf 78' lang='lat' dir='ltr'><strong>tertium</strong></span> <span class='ocrx_word' id='word_1_43' title='bbox 1289 551 1336 612; x_wconf 90' lang='lat' dir='ltr'><strong>sic</strong></span> <span class='ocrx_word' id='word_1_44' title='bbox 1350 553 1586 630; x_wconf 90' lang='lat' dir='ltr'><strong>proceditur.1.</strong></span> <span class='ocrx_word' id='word_1_45' title='bbox 1601 554 1736 630; x_wconf 78' lang='lat' dir='ltr'><strong>Videtur</strong></span> <span class='ocrx_word' id='word_1_46' title='bbox 1747 559 1835 638; x_wconf 88' lang='lat' dir='ltr'><strong>qudd</strong></span> 
     </span>
     <span class='ocr_line' id='line_1_5' title="bbox 197 626 1835 718; baseline -0.002 -16"><span class='ocrx_word' id='word_1_47' title='bbox 197 656 315 718; x_wconf 91' lang='lat' dir='ltr'><strong>aquam</strong></span> <span class='ocrx_word' id='word_1_48' title='bbox 339 634 359 699; x_wconf 84' lang='lat' dir='ltr'><strong>d</strong></span> <span class='ocrx_word' id='word_1_49' title='bbox 381 633 544 696; x_wconf 82' lang='lat' dir='ltr'><strong>sacerdote</strong></span> <span class='ocrx_word' id='word_1_50' title='bbox 559 649 677 702; x_wconf 89' lang='lat' dir='ltr'><strong>emero,</strong></span> <span class='ocrx_word' id='word_1_51' title='bbox 700 645 774 708; x_wconf 83' lang='lat' dir='ltr'><strong>quoe</strong></span> <span class='ocrx_word' id='word_1_52' title='bbox 795 632 844 689; x_wconf 88' lang='lat' dir='ltr'><strong>est</strong></span> <span class='ocrx_word' id='word_1_53' title='bbox 870 645 989 704; x_wconf 90' lang='lat' dir='ltr'><strong>purum</strong></span> <span class='ocrx_word' id='word_1_54' title='bbox 1041 626 1165 686; x_wconf 88' lang='lat' dir='ltr'><strong>lvcvtum</strong></span> <span class='ocrx_word' id='word_1_55' title='bbox 1192 634 1232 689; x_wconf 74' lang='grc' dir='ltr'><strong>ιιι</strong></span> <span class='ocrx_word' id='word_1_56' title='bbox 1255 628 1332 690; x_wconf 90' lang='lat' dir='ltr'><strong>dare</strong></span> <span class='ocrx_word' id='word_1_57' title='bbox 1358 634 1391 706; x_wconf 85' lang='lat' dir='ltr'><strong>et</strong></span> <span class='ocrx_word' id='word_1_58' title='bbox 1410 633 1557 709; x_wconf 90' lang='lat' dir='ltr'><strong>accipere</strong></span> <span class='ocrx_word' id='word_1_59' title='bbox 1581 635 1751 711; x_wconf 88' lang='lat' dir='ltr'><strong>pecuniam</strong></span> <span class='ocrx_word' id='word_1_60' title='bbox 1773 655 1835 716; x_wconf 87' lang='lat' dir='ltr'><strong>pro</strong></span> 
     </span>
     <span class='ocr_line' id='line_1_6' title="bbox 195 705 1835 790; baseline -0.002 -11"><span class='ocrx_word' id='word_1_61' title='bbox 195 718 389 780; x_wconf 87' lang='lat' dir='ltr'><strong>elementum</strong></span> <span class='ocrx_word' id='word_1_62' title='bbox 404 711 581 790; x_wconf 89' lang='lat' dir='ltr'><strong>corporale.</strong></span> <span class='ocrx_word' id='word_1_63' title='bbox 597 709 628 771; x_wconf 91' lang='lat' dir='ltr'><strong>Si</strong></span> <span class='ocrx_word' id='word_1_64' title='bbox 640 712 747 770; x_wconf 88' lang='lat' dir='ltr'><strong>autem</strong></span> <span class='ocrx_word' id='word_1_65' title='bbox 760 710 844 768; x_wconf 86' lang='lat' dir='ltr'><strong>esset</strong></span> <span class='ocrx_word' id='word_1_66' title='bbox 860 705 987 768; x_wconf 89' lang='lat' dir='ltr'><strong>adultus</strong></span> <span class='ocrx_word' id='word_1_67' title='bbox 1042 705 1261 780; x_wconf 79' lang='lat' dir='ltr'><strong>spiritualibus</strong></span> <span class='ocrx_word' id='word_1_68' title='bbox 1272 709 1408 770; x_wconf 87' lang='lat' dir='ltr'><strong>actibus.</strong></span> <span class='ocrx_word' id='word_1_69' title='bbox 1419 709 1500 771; x_wconf 89' lang='lat' dir='ltr'><strong>Usus</strong></span> <span class='ocrx_word' id='word_1_70' title='bbox 1509 709 1594 772; x_wconf 90' lang='lat' dir='ltr'><strong>enim</strong></span> <span class='ocrx_word' id='word_1_71' title='bbox 1602 713 1777 790; x_wconf 79' lang='lat' dir='ltr'><strong>prophetiae</strong></span> <span class='ocrx_word' id='word_1_72' title='bbox 1785 721 1835 777; x_wconf 88' lang='lat' dir='ltr'><strong>est</strong></span> 
     </span>
     <span class='ocr_line' id='line_1_7' title="bbox 196 782 1836 876; baseline -0.001 -19"><span class='ocrx_word' id='word_1_73' title='bbox 196 797 250 876; x_wconf 90' lang='lat' dir='ltr'><strong>qui</strong></span> <span class='ocrx_word' id='word_1_74' title='bbox 283 792 476 872; x_wconf 91' lang='lat' dir='ltr'><strong>baptismum</strong></span> <span class='ocrx_word' id='word_1_75' title='bbox 509 789 722 859; x_wconf 90' lang='lat' dir='ltr'><strong>desideraret,</strong></span> <span class='ocrx_word' id='word_1_76' title='bbox 750 790 783 846; x_wconf 95' lang='lat' dir='ltr'><strong>et</strong></span> <span class='ocrx_word' id='word_1_77' title='bbox 808 783 989 846; x_wconf 78' lang='lat' dir='ltr'><strong>immineret</strong></span> <span class='ocrx_word' id='word_1_78' title='bbox 1042 782 1217 860; x_wconf 90' lang='lat' dir='ltr'><strong>spiritualis</strong></span> <span class='ocrx_word' id='word_1_79' title='bbox 1229 790 1330 846; x_wconf 88' lang='lat' dir='ltr'><strong>actus.</strong></span> <span class='ocrx_word' id='word_1_80' title='bbox 1345 786 1406 865; x_wconf 84' lang='lat' dir='ltr'><strong>Sed</strong></span> <span class='ocrx_word' id='word_1_81' title='bbox 1418 804 1478 865; x_wconf 94' lang='lat' dir='ltr'><strong>pro</strong></span> <span class='ocrx_word' id='word_1_82' title='bbox 1490 806 1553 850; x_wconf 90' lang='lat' dir='ltr'><strong>usu</strong></span> <span class='ocrx_word' id='word_1_83' title='bbox 1566 807 1626 867; x_wconf 92' lang='lat' dir='ltr'><strong>pro</strong></span> <span class='ocrx_word' id='word_1_84' title='bbox 1650 790 1742 855; x_wconf 79' lang='lat' dir='ltr'><strong>hetin</strong></span> <span class='ocrx_word' id='word_1_85' title='bbox 1753 793 1836 856; x_wconf 83' lang='lat' dir='ltr'><strong>olim</strong></span> 
     </span>
     <span class='ocr_line' id='line_1_8' title="bbox 66 809 1824 954; baseline -0.001 -19"><span class='ocrx_word' id='word_1_86' title='bbox 66 878 68 882; x_wconf 84' lang='grc'><strong>’</strong></span> <span class='ocrx_word' id='word_1_87' title='bbox 196 874 306 934; x_wconf 92' lang='lat' dir='ltr'><strong>mortis</strong></span> <span class='ocrx_word' id='word_1_88' title='bbox 328 868 523 950; x_wconf 91' lang='lat' dir='ltr'><strong>periculum,</strong></span> <span class='ocrx_word' id='word_1_89' title='bbox 547 885 607 928; x_wconf 88' lang='lat' dir='ltr'><strong>nee</strong></span> <span class='ocrx_word' id='word_1_90' title='bbox 628 864 776 954; x_wconf 82' lang='lat' dir='ltr'><strong>sacerdos</strong></span> <span class='ocrx_word' id='word_1_91' title='bbox 797 880 870 924; x_wconf 90' lang='lat' dir='ltr'><strong>eum</strong></span> <span class='ocrx_word' id='word_1_92' title='bbox 893 862 989 922; x_wconf 90' lang='lat' dir='ltr'><strong>vellet</strong></span> <span class='ocrx_word' id='word_1_93' title='bbox 1041 861 1163 938; x_wconf 91' lang='lat' dir='ltr'><strong>aliquid</strong></span> <span class='ocrx_word' id='word_1_94' title='bbox 1183 862 1329 954; x_wconf 83' lang='lat' dir='ltr'><strong>dabatur,</strong></span> <span class='ocrx_word' id='word_1_95' title='bbox 1344 869 1381 925; x_wconf 94' lang='lat' dir='ltr'><strong>ut</strong></span> <span class='ocrx_word' id='word_1_96' title='bbox 1422 809 1824 952; x_wconf 61' lang='lat' dir='ltr'><strong>atettlleg.8,et31leg</strong></span> 
     </span>
     <span class='ocr_line' id='line_1_9' title="bbox 196 884 1837 1032; baseline -0.002 -19"><span class='ocrx_word' id='word_1_97' title='bbox 196 953 266 1014; x_wconf 90' lang='lat' dir='ltr'><strong>sine</strong></span> <span class='ocrx_word' id='word_1_98' title='bbox 282 949 386 1028; x_wconf 91' lang='lat' dir='ltr'><strong>pretio</strong></span> <span class='ocrx_word' id='word_1_99' title='bbox 400 947 574 1023; x_wconf 88' lang='lat' dir='ltr'><strong>baptizare,</strong></span> <span class='ocrx_word' id='word_1_100' title='bbox 584 945 725 1015; x_wconf 79' lang='lat' dir='ltr'><strong>deberet,</strong></span> <span class='ocrx_word' id='word_1_101' title='bbox 742 961 768 1002; x_wconf 89' lang='lat' dir='ltr'><strong>sr</strong></span> <span class='ocrx_word' id='word_1_102' title='bbox 788 946 988 1031; x_wconf 34' lang='lat' dir='ltr'><strong>posset,·per</strong></span> <span class='ocrx_word' id='word_1_103' title='bbox 1044 938 1092 999; x_wconf 83' lang='lat' dir='ltr'><strong>tt.</strong></span> <span class='ocrx_word' id='word_1_104' title='bbox 1108 940 1193 1032; x_wconf 75' lang='lat' dir='ltr'><strong>Ergo</strong></span> <span class='ocrx_word' id='word_1_105' title='bbox 1208 941 1334 1002; x_wconf 75' lang='lat' dir='ltr'><strong>videtur</strong></span> <span class='ocrx_word' id='word_1_106' title='bbox 1346 884 1432 1020; x_wconf 50' lang='lat' dir='ltr'><strong>qugd</strong></span> <span class='ocrx_word' id='word_1_107' title='bbox 1447 945 1541 1008; x_wconf 90' lang='lat' dir='ltr'><strong>liceat</strong></span> <span class='ocrx_word' id='word_1_108' title='bbox 1552 944 1675 1010; x_wconf 81' lang='lat' dir='ltr'><strong>dare&#39;ct</strong></span> <span class='ocrx_word' id='word_1_109' title='bbox 1685 950 1837 1028; x_wconf 79' lang='lat' dir='ltr'><strong>accipere</strong></span> 
     </span>
     <span class='ocr_line' id='line_1_10' title="bbox 194 1019 1556 1107; baseline -0.006 -15"><span class='ocrx_word' id='word_1_110' title='bbox 194 1031 294 1092; x_wconf 90' lang='lat' dir='ltr'><strong>alium</strong></span> <span class='ocrx_word' id='word_1_111' title='bbox 307 1025 479 1107; x_wconf 86' lang='lat' dir='ltr'><strong>baptizari;</strong></span> <span class='ocrx_word' id='word_1_112' title='bbox 494 1022 580 1102; x_wconf 88' lang='lat' dir='ltr'><strong>qudd</strong></span> <span class='ocrx_word' id='word_1_113' title='bbox 596 1024 622 1083; x_wconf 94' lang='lat' dir='ltr'><strong>si</strong></span> <span class='ocrx_word' id='word_1_114' title='bbox 639 1039 704 1082; x_wconf 93' lang='lat' dir='ltr'><strong>non</strong></span> <span class='ocrx_word' id='word_1_115' title='bbox 718 1025 826 1098; x_wconf 89' lang='lat' dir='ltr'><strong>posset</strong></span> <span class='ocrx_word' id='word_1_116' title='bbox 838 1019 987 1080; x_wconf 83' lang='lat' dir='ltr'><strong>adalram</strong></span> <span class='ocrx_word' id='word_1_117' title='bbox 1041 1035 1212 1096; x_wconf 77' lang='lat' dir='ltr'><strong>pecuniam</strong></span> <span class='ocrx_word' id='word_1_118' title='bbox 1228 1035 1286 1096; x_wconf 92' lang='lat' dir='ltr'><strong>pro</strong></span> <span class='ocrx_word' id='word_1_119' title='bbox 1298 1026 1371 1083; x_wconf 91' lang='lat' dir='ltr'><strong>actu</strong></span> <span class='ocrx_word' id='word_1_120' title='bbox 1386 1021 1556 1100; x_wconf 89' lang='lat' dir='ltr'><strong>spirituali.</strong></span> 
     </span>
     <span class='ocr_line' id='line_1_11' title="bbox 194 1095 1836 1179; baseline -0.002 -11"><span class='ocrx_word' id='word_1_121' title='bbox 194 1109 313 1170; x_wconf 88' lang='lat' dir='ltr'><strong>babere</strong></span> <span class='ocrx_word' id='word_1_122' title='bbox 340 1120 520 1175; x_wconf 83' lang='lat' dir='ltr'><strong>recursum,</strong></span> <span class='ocrx_word' id='word_1_123' title='bbox 542 1101 631 1167; x_wconf 92' lang='lat' dir='ltr'><strong>nullo</strong></span> <span class='ocrx_word' id='word_1_124' title='bbox 648 1099 743 1161; x_wconf 92' lang='lat' dir='ltr'><strong>modo</strong></span> <span class='ocrx_word' id='word_1_125' title='bbox 763 1098 892 1160; x_wconf 85' lang='lat' dir='ltr'><strong>deberet</strong></span> <span class='ocrx_word' id='word_1_126' title='bbox 908 1115 988 1174; x_wconf 90' lang='lat' dir='ltr'><strong>pre-</strong></span> <span class='ocrx_word' id='word_1_127' title='bbox 1080 1095 1111 1156; x_wconf 79' lang='lat'><strong>2.</strong></span> <span class='ocrx_word' id='word_1_128' title='bbox 1124 1096 1291 1172; x_wconf 83' lang='lat' dir='ltr'><strong>Praeterea,</strong></span> <span class='ocrx_word' id='word_1_129' title='bbox 1305 1101 1419 1172; x_wconf 89' lang='lat' dir='ltr'><strong>oratio,</strong></span> <span class='ocrx_word' id='word_1_130' title='bbox 1434 1101 1627 1179; x_wconf 68' lang='lat' dir='ltr'><strong>predicatio,</strong></span> <span class='ocrx_word' id='word_1_131' title='bbox 1638 1102 1710 1166; x_wconf 90' lang='lat' dir='ltr'><strong>lans</strong></span> <span class='ocrx_word' id='word_1_132' title='bbox 1723 1103 1836 1172; x_wconf 78' lang='lat' dir='ltr'><strong>divina</strong></span> 
     </span>
     <span class='ocr_line' id='line_1_12' title="bbox 194 1172 1832 1263; baseline -0.001 -17"><span class='ocrx_word' id='word_1_133' title='bbox 194 1189 275 1246; x_wconf 91' lang='lat' dir='ltr'><strong>tium</strong></span> <span class='ocrx_word' id='word_1_134' title='bbox 292 1201 350 1263; x_wconf 92' lang='lat' dir='ltr'><strong>pro</strong></span> <span class='ocrx_word' id='word_1_135' title='bbox 372 1183 529 1260; x_wconf 90' lang='lat' dir='ltr'><strong>baptismo</strong></span> <span class='ocrx_word' id='word_1_136' title='bbox 552 1179 640 1252; x_wconf 88' lang='lat' dir='ltr'><strong>dare,</strong></span> <span class='ocrx_word' id='word_1_137' title='bbox 660 1177 714 1240; x_wconf 89' lang='lat' dir='ltr'><strong>sed</strong></span> <span class='ocrx_word' id='word_1_138' title='bbox 738 1172 843 1255; x_wconf 80' lang='lat' dir='ltr'><strong>potiris</strong></span> <span class='ocrx_word' id='word_1_139' title='bbox 864 1177 987 1253; x_wconf 90' lang='lat' dir='ltr'><strong>absque</strong></span> <span class='ocrx_word' id='word_1_140' title='bbox 1041 1181 1117 1235; x_wconf 86' lang='lat' dir='ltr'><strong>sunt</strong></span> <span class='ocrx_word' id='word_1_141' title='bbox 1129 1181 1218 1236; x_wconf 88' lang='lat' dir='ltr'><strong>actus</strong></span> <span class='ocrx_word' id='word_1_142' title='bbox 1235 1177 1374 1239; x_wconf 85' lang='lat' dir='ltr'><strong>maximd</strong></span> <span class='ocrx_word' id='word_1_143' title='bbox 1390 1179 1585 1258; x_wconf 89' lang='lat' dir='ltr'><strong>spirituales.</strong></span> <span class='ocrx_word' id='word_1_144' title='bbox 1601 1180 1660 1243; x_wconf 92' lang='lat' dir='ltr'><strong>Sed</strong></span> <span class='ocrx_word' id='word_1_145' title='bbox 1673 1183 1713 1244; x_wconf 89' lang='lat' dir='ltr'><strong>nd</strong></span> <span class='ocrx_word' id='word_1_146' title='bbox 1727 1183 1832 1262; x_wconf 82' lang='lat' dir='ltr'><strong>impe-</strong></span> 
     </span>
     <span class='ocr_line' id='line_1_13' title="bbox 194 1252 1832 1350; baseline -0.001 -24"><span class='ocrx_word' id='word_1_147' title='bbox 194 1265 351 1342; x_wconf 90' lang='lat' dir='ltr'><strong>baptismo</strong></span> <span class='ocrx_word' id='word_1_148' title='bbox 382 1259 564 1324; x_wconf 71' lang='lat' dir='ltr'><strong>decederet</strong></span> <span class='ocrx_word' id='word_1_149' title='bbox 593 1257 797 1350; x_wconf 81' lang='lat' dir='ltr'><strong>suppleretur</strong></span> <span class='ocrx_word' id='word_1_150' title='bbox 831 1254 917 1316; x_wconf 84' lang='lat' dir='ltr'><strong>enim</strong></span> <span class='ocrx_word' id='word_1_151' title='bbox 957 1253 986 1314; x_wconf 89' lang='lat' dir='ltr'><strong>ei</strong></span> <span class='ocrx_word' id='word_1_152' title='bbox 1040 1252 1191 1345; x_wconf 78' lang='lat' dir='ltr'><strong>trandum</strong></span> <span class='ocrx_word' id='word_1_153' title='bbox 1208 1255 1391 1316; x_wconf 86' lang='lat' dir='ltr'><strong>orationum</strong></span> <span class='ocrx_word' id='word_1_154' title='bbox 1411 1257 1564 1338; x_wconf 79' lang='lat' dir='ltr'><strong>suffragia</strong></span> <span class='ocrx_word' id='word_1_155' title='bbox 1583 1263 1720 1336; x_wconf 87' lang='lat' dir='ltr'><strong>pecunia</strong></span> <span class='ocrx_word' id='word_1_156' title='bbox 1737 1261 1832 1324; x_wconf 92' lang='lat' dir='ltr'><strong>datur</strong></span> 
     </span>
     <span class='ocr_line' id='line_1_14' title="bbox 193 1331 1834 1423; baseline -0.002 -19"><span class='ocrx_word' id='word_1_157' title='bbox 193 1343 354 1420; x_wconf 88' lang='lat' dir='ltr'><strong>baptismo</strong></span> <span class='ocrx_word' id='word_1_158' title='bbox 368 1338 504 1402; x_wconf 91' lang='lat' dir='ltr'><strong>llaminis</strong></span> <span class='ocrx_word' id='word_1_159' title='bbox 517 1336 603 1415; x_wconf 91' lang='lat' dir='ltr'><strong>quod</strong></span> <span class='ocrx_word' id='word_1_160' title='bbox 616 1354 645 1397; x_wconf 85' lang='lat' dir='ltr'><strong>ev</strong></span> <span class='ocrx_word' id='word_1_161' title='bbox 662 1354 705 1397; x_wconf 81' lang='lat' dir='ltr'><strong>ex</strong></span> <span class='ocrx_word' id='word_1_162' title='bbox 714 1337 915 1396; x_wconf 85' lang='lat' dir='ltr'><strong>sacramento</strong></span> <span class='ocrx_word' id='word_1_163' title='bbox 929 1331 987 1394; x_wconf 86' lang='lat' dir='ltr'><strong>de-</strong></span> <span class='ocrx_word' id='word_1_164' title='bbox 1041 1338 1160 1423; x_wconf 80' lang='lat' dir='ltr'><strong>sanctrs</strong></span> <span class='ocrx_word' id='word_1_165' title='bbox 1175 1333 1265 1406; x_wconf 89' lang='lat' dir='ltr'><strong>viris,</strong></span> <span class='ocrx_word' id='word_1_166' title='bbox 1279 1332 1453 1396; x_wconf 78' lang='lat' dir='ltr'><strong>secundum</strong></span> <span class='ocrx_word' id='word_1_167' title='bbox 1467 1337 1544 1397; x_wconf 93' lang='lat' dir='ltr'><strong>illud</strong></span> <span class='ocrx_word' id='word_1_168' title='bbox 1558 1338 1636 1398; x_wconf 88' lang='lat' dir='ltr'><strong>Luc.</strong></span> <span class='ocrx_word' id='word_1_169' title='bbox 1648 1338 1698 1411; x_wconf 85' lang='grc'><strong>16,</strong></span> <span class='ocrx_word' id='word_1_170' title='bbox 1711 1339 1731 1399; x_wconf 86' lang='grc'>9</span> <span class='ocrx_word' id='word_1_171' title='bbox 1744 1359 1752 1398; x_wconf 86' lang='lat'><strong>:</strong></span> <span class='ocrx_word' id='word_1_172' title='bbox 1765 1341 1834 1402; x_wconf 83' lang='lat' dir='ltr'><strong>Fo-</strong></span> 
     </span>
     <span class='ocr_line' id='line_1_15' title="bbox 193 1409 1831 1496; baseline 0.002 -21"><span class='ocrx_word' id='word_1_173' title='bbox 193 1426 288 1484; x_wconf 73' lang='lat' dir='ltr'><strong>esset.</strong></span> <span class='ocrx_word' id='word_1_174' title='bbox 967 1457 972 1468; x_wconf 86' lang='lat'><em>.</em></span> <span class='ocrx_word' id='word_1_175' title='bbox 1040 1419 1100 1473; x_wconf 74' lang='lat' dir='ltr'><strong>otte</strong></span> <span class='ocrx_word' id='word_1_176' title='bbox 1124 1409 1212 1471; x_wconf 85' lang='lat' dir='ltr'><strong>uobis</strong></span> <span class='ocrx_word' id='word_1_177' title='bbox 1237 1412 1351 1473; x_wconf 85' lang='lat' dir='ltr'><strong>amicos</strong></span> <span class='ocrx_word' id='word_1_178' title='bbox 1375 1412 1412 1474; x_wconf 82' lang='lat' dir='ltr'><strong>da</strong></span> <span class='ocrx_word' id='word_1_179' title='bbox 1434 1417 1607 1476; x_wconf 85' lang='lat' dir='ltr'><strong>mnmmoud</strong></span> <span class='ocrx_word' id='word_1_180' title='bbox 1632 1415 1831 1496; x_wconf 82' lang='lat' dir='ltr'><strong>iniquitatis;</strong></span> 
     </span>
     <span class='ocr_line' id='line_1_16' title="bbox 233 1487 1835 1626; baseline -0.001 -65"><span class='ocrx_word' id='word_1_181' title='bbox 233 1495 465 1562; x_wconf 81' lang='lat' dir='ltr'><strong>Adsecnndum</strong></span> <span class='ocrx_word' id='word_1_182' title='bbox 477 1493 646 1556; x_wconf 90' lang='lat' dir='ltr'><strong>dicendum</strong></span> <span class='ocrx_word' id='word_1_183' title='bbox 660 1489 745 1570; x_wconf 90' lang='lat' dir='ltr'><strong>qudd</strong></span> <span class='ocrx_word' id='word_1_184' title='bbox 761 1487 985 1580; x_wconf 81' lang='lat' dir='ltr'><strong>sacerdosnon</strong></span> <span class='ocrx_word' id='word_1_185' title='bbox 1038 1488 1300 1626; x_wconf 63' lang='lat' dir='ltr'><strong>predicatoribus</strong></span> <span class='ocrx_word' id='word_1_186' title='bbox 1321 1491 1417 1553; x_wconf 92' lang='lat' dir='ltr'><strong>otiam</strong></span> <span class='ocrx_word' id='word_1_187' title='bbox 1437 1492 1617 1571; x_wconf 78' lang='lat' dir='ltr'><strong>spiritualia</strong></span> <span class='ocrx_word' id='word_1_188' title='bbox 1640 1495 1835 1559; x_wconf 59' lang='lat' dir='ltr'><strong>seminanti«</strong></span> 
     </span>
     <span class='ocr_line' id='line_1_17' title="bbox 192 1566 1834 1656; baseline -0.002 -17"><span class='ocrx_word' id='word_1_189' title='bbox 192 1577 307 1656; x_wconf 89' lang='lat' dir='ltr'><strong>accipit</strong></span> <span class='ocrx_word' id='word_1_190' title='bbox 319 1575 488 1654; x_wconf 89' lang='lat' dir='ltr'><strong>pecuniam</strong></span> <span class='ocrx_word' id='word_1_191' title='bbox 503 1571 597 1651; x_wconf 83' lang='lat' dir='ltr'><strong>quasi</strong></span> <span class='ocrx_word' id='word_1_192' title='bbox 614 1569 753 1649; x_wconf 88' lang='lat' dir='ltr'><strong>pretium</strong></span> <span class='ocrx_word' id='word_1_193' title='bbox 764 1571 986 1630; x_wconf 85' lang='lat' dir='ltr'><strong>consecrabo-</strong></span> <span class='ocrx_word' id='word_1_194' title='bbox 1061 1583 1099 1627; x_wconf 92' lang='lat' dir='ltr'><strong>us</strong></span> <span class='ocrx_word' id='word_1_195' title='bbox 1114 1568 1303 1644; x_wconf 88' lang='lat' dir='ltr'><strong>temporalia</strong></span> <span class='ocrx_word' id='word_1_196' title='bbox 1312 1568 1482 1644; x_wconf 89' lang='lat' dir='ltr'><strong>debentur,</strong></span> <span class='ocrx_word' id='word_1_197' title='bbox 1495 1566 1671 1633; x_wconf 86' lang='lat' dir='ltr'><strong>secunddm</strong></span> <span class='ocrx_word' id='word_1_198' title='bbox 1689 1573 1716 1636; x_wconf 76' lang='lat' dir='ltr'>A</span> <span class='ocrx_word' id='word_1_199' title='bbox 1739 1579 1834 1636; x_wconf 89' lang='lat' dir='ltr'><strong>osto-</strong></span> 
     </span>
     <span class='ocr_line' id='line_1_18' title="bbox 193 1643 1836 1723; baseline -0.001 -7"><span class='ocrx_word' id='word_1_200' title='bbox 193 1657 246 1716; x_wconf 88' lang='lat' dir='ltr'><strong>nis</strong></span> <span class='ocrx_word' id='word_1_201' title='bbox 258 1653 477 1722; x_wconf 84' lang='lat' dir='ltr'><strong>Eucharistim,</strong></span> <span class='ocrx_word' id='word_1_202' title='bbox 492 1656 549 1712; x_wconf 91' lang='lat' dir='ltr'><strong>aut</strong></span> <span class='ocrx_word' id='word_1_203' title='bbox 567 1649 673 1710; x_wconf 77' lang='lat' dir='ltr'><strong>missas</strong></span> <span class='ocrx_word' id='word_1_204' title='bbox 685 1645 890 1710; x_wconf 76' lang='lat' dir='ltr'><strong>decantanda</strong></span> <span class='ocrx_word' id='word_1_205' title='bbox 905 1644 986 1723; x_wconf 88' lang='lat' dir='ltr'><strong>(boo</strong></span> <span class='ocrx_word' id='word_1_206' title='bbox 1038 1643 1118 1716; x_wconf 90' lang='lat' dir='ltr'><strong>lnm,</strong></span> <span class='ocrx_word' id='word_1_207' title='bbox 1133 1646 1149 1704; x_wconf 95' lang='lat'>1</span> <span class='ocrx_word' id='word_1_208' title='bbox 1163 1645 1203 1706; x_wconf 89' lang='lat' dir='ltr'><strong>ad</strong></span> <span class='ocrx_word' id='word_1_209' title='bbox 1214 1643 1577 1718; x_wconf 80' lang='lat' dir='ltr'><strong>Cor.9;celebrantibus</strong></span> <span class='ocrx_word' id='word_1_210' title='bbox 1595 1649 1691 1712; x_wconf 87' lang='lat' dir='ltr'><strong>ctiam</strong></span> <span class='ocrx_word' id='word_1_211' title='bbox 1725 1651 1836 1716; x_wconf 79' lang='lat' dir='ltr'><strong>irinas</strong></span> 
     </span>
     <span class='ocr_line' id='line_1_19' title="bbox 193 1720 1879 1817; baseline -0.001 -23"><span class='ocrx_word' id='word_1_212' title='bbox 193 1735 278 1794; x_wconf 89' lang='lat' dir='ltr'><strong>onim</strong></span> <span class='ocrx_word' id='word_1_213' title='bbox 295 1736 379 1794; x_wconf 88' lang='lat' dir='ltr'><strong>osset</strong></span> <span class='ocrx_word' id='word_1_214' title='bbox 400 1729 611 1793; x_wconf 87' lang='lat' dir='ltr'><strong>simoniacum</strong></span> <span class='ocrx_word' id='word_1_215' title='bbox 623 1727 652 1806; x_wconf 86' lang='lat'><strong>);</strong></span> <span class='ocrx_word' id='word_1_216' title='bbox 669 1725 723 1788; x_wconf 86' lang='lat' dir='ltr'><strong>sed</strong></span> <span class='ocrx_word' id='word_1_217' title='bbox 744 1725 838 1817; x_wconf 82' lang='lat' dir='ltr'><strong>quasi</strong></span> <span class='ocrx_word' id='word_1_218' title='bbox 862 1723 986 1801; x_wconf 87' lang='lat' dir='ltr'><strong>stipen·</strong></span> <span class='ocrx_word' id='word_1_219' title='bbox 1037 1720 1149 1784; x_wconf 88' lang='lat' dir='ltr'><strong>landes</strong></span> <span class='ocrx_word' id='word_1_220' title='bbox 1165 1722 1199 1783; x_wconf 91' lang='lat' dir='ltr'><strong>in</strong></span> <span class='ocrx_word' id='word_1_221' title='bbox 1212 1724 1429 1786; x_wconf 89' lang='lat' dir='ltr'><strong>ecclesiastico</strong></span> <span class='ocrx_word' id='word_1_222' title='bbox 1443 1725 1547 1788; x_wconf 84' lang='lat' dir='ltr'><strong>officio</strong></span> <span class='ocrx_word' id='word_1_223' title='bbox 1562 1730 1594 1788; x_wconf 89' lang='lat' dir='ltr'><strong>et</strong></span> <span class='ocrx_word' id='word_1_224' title='bbox 1606 1729 1835 1806; x_wconf 80' lang='lat' dir='ltr'><strong>processiones</strong></span> <span class='ocrx_word' id='word_1_225' title='bbox 1874 1767 1879 1773; x_wconf 69' lang='lat'><em>=</em></span> 
     </span>
     <span class='ocr_line' id='line_1_20' title="bbox 192 1798 1830 1884; baseline -0.001 -13"><span class='ocrx_word' id='word_1_226' title='bbox 192 1811 278 1873; x_wconf 89' lang='lat' dir='ltr'><strong>dium</strong></span> <span class='ocrx_word' id='word_1_227' title='bbox 306 1827 373 1872; x_wconf 80' lang='lat' dir='ltr'><strong>suu</strong></span> <span class='ocrx_word' id='word_1_228' title='bbox 395 1806 654 1879; x_wconf 87' lang='lat' dir='ltr'><strong>sustentationis,</strong></span> <span class='ocrx_word' id='word_1_229' title='bbox 674 1810 712 1866; x_wconf 92' lang='lat' dir='ltr'><strong>ut</strong></span> <span class='ocrx_word' id='word_1_230' title='bbox 733 1802 853 1864; x_wconf 87' lang='lat' dir='ltr'><strong>drotum</strong></span> <span class='ocrx_word' id='word_1_231' title='bbox 878 1805 923 1862; x_wconf 85' lang='lat' dir='ltr'><strong>est</strong></span> <span class='ocrx_word' id='word_1_232' title='bbox 951 1801 984 1862; x_wconf 93' lang='lat' dir='ltr'><strong>in</strong></span> <span class='ocrx_word' id='word_1_233' title='bbox 1038 1798 1229 1862; x_wconf 88' lang='lat' dir='ltr'><strong>iacientibus</strong></span> <span class='ocrx_word' id='word_1_234' title='bbox 1242 1800 1287 1863; x_wconf 91' lang='lat' dir='ltr'><strong>ali</strong></span> <span class='ocrx_word' id='word_1_235' title='bbox 1310 1802 1365 1864; x_wconf 90' lang='lat' dir='ltr'><strong>uid</strong></span> <span class='ocrx_word' id='word_1_236' title='bbox 1384 1801 1496 1876; x_wconf 70' lang='lat' dir='ltr'><strong>datum</strong></span> <span class='ocrx_word' id='word_1_237' title='bbox 1514 1806 1753 1884; x_wconf 89' lang='lat' dir='ltr'><strong>etquandoqne</strong></span> <span class='ocrx_word' id='word_1_238' title='bbox 1767 1824 1830 1870; x_wconf 88' lang='lat' dir='ltr'><strong>an·-</strong></span> 
     </span>
     <span class='ocr_line' id='line_1_21' title="bbox 194 1879 1834 1968; baseline 0.012 -40"><span class='ocrx_word' id='word_1_239' title='bbox 194 1907 280 1968; x_wconf 53' lang='grc' dir='ltr'><strong>,οψ</strong></span> <span class='ocrx_word' id='word_1_240' title='bbox 1038 1879 1095 1942; x_wconf 88' lang='lat' dir='ltr'><strong>nui</strong></span> <span class='ocrx_word' id='word_1_241' title='bbox 1108 1879 1229 1941; x_wconf 87' lang='lat' dir='ltr'><strong>reditus</strong></span> <span class='ocrx_word' id='word_1_242' title='bbox 1244 1879 1283 1942; x_wconf 92' lang='lat' dir='ltr'><strong>ad</strong></span> <span class='ocrx_word' id='word_1_243' title='bbox 1321 1897 1360 1942; x_wconf 91' lang='lat' dir='ltr'><strong>oc</strong></span> <span class='ocrx_word' id='word_1_244' title='bbox 1373 1881 1591 1960; x_wconf 75' lang='lat' dir='ltr'><strong>assignantur.</strong></span> <span class='ocrx_word' id='word_1_245' title='bbox 1606 1883 1691 1963; x_wconf 86' lang='lat' dir='ltr'><strong>Ergo</strong></span> <span class='ocrx_word' id='word_1_246' title='bbox 1705 1883 1834 1948; x_wconf 86' lang='lat' dir='ltr'><strong>licitum</strong></span> 
     </span>
     <span class='ocr_line' id='line_1_22' title="bbox 230 1957 1832 2041; baseline -0.002 -11"><span class='ocrx_word' id='word_1_247' title='bbox 230 1967 276 2030; x_wconf 82' lang='lat' dir='ltr'><strong>Ad</strong></span> <span class='ocrx_word' id='word_1_248' title='bbox 304 1966 433 2031; x_wconf 87' lang='lat' dir='ltr'><strong>tertium</strong></span> <span class='ocrx_word' id='word_1_249' title='bbox 453 1963 622 2026; x_wconf 89' lang='lat' dir='ltr'><strong>dicendum</strong></span> <span class='ocrx_word' id='word_1_250' title='bbox 646 1958 732 2037; x_wconf 86' lang='lat' dir='ltr'><strong>quod</strong></span> <span class='ocrx_word' id='word_1_251' title='bbox 753 1957 891 2038; x_wconf 88' lang='lat' dir='ltr'><strong>pecnnia</strong></span> <span class='ocrx_word' id='word_1_252' title='bbox 919 1973 984 2018; x_wconf 92' lang='lat' dir='ltr'><strong>non</strong></span> <span class='ocrx_word' id='word_1_253' title='bbox 1037 1960 1086 2018; x_wconf 88' lang='lat' dir='ltr'><strong>ost</strong></span> <span class='ocrx_word' id='word_1_254' title='bbox 1099 1974 1159 2034; x_wconf 91' lang='lat' dir='ltr'><strong>pro</strong></span> <span class='ocrx_word' id='word_1_255' title='bbox 1172 1958 1393 2036; x_wconf 86' lang='lat' dir='ltr'><strong>spiritualibus</strong></span> <span class='ocrx_word' id='word_1_256' title='bbox 1403 1961 1528 2023; x_wconf 88' lang='lat' dir='ltr'><strong>actibus</strong></span> <span class='ocrx_word' id='word_1_257' title='bbox 1538 1963 1684 2040; x_wconf 89' lang='lat' dir='ltr'><strong>accipere</strong></span> <span class='ocrx_word' id='word_1_258' title='bbox 1693 1963 1832 2041; x_wconf 71' lang='lat' dir='ltr'><strong>aliquid.</strong></span> 
     </span>
     <span class='ocr_line' id='line_1_23' title="bbox 199 2034 1829 2130; baseline -0.002 -22"><span class='ocrx_word' id='word_1_259' title='bbox 199 2043 333 2127; x_wconf 74' lang='lat' dir='ltr'><strong>exigitur</strong></span> <span class='ocrx_word' id='word_1_260' title='bbox 346 2046 388 2108; x_wconf 87' lang='lat' dir='ltr'><strong>ab</strong></span> <span class='ocrx_word' id='word_1_261' title='bbox 398 2061 436 2106; x_wconf 90' lang='lat' dir='ltr'><strong>eo</strong></span> <span class='ocrx_word' id='word_1_262' title='bbox 450 2042 506 2123; x_wconf 90' lang='lat' dir='ltr'><strong>qui</strong></span> <span class='ocrx_word' id='word_1_263' title='bbox 518 2040 708 2110; x_wconf 88' lang='lat' dir='ltr'><strong>absolvitur,</strong></span> <span class='ocrx_word' id='word_1_264' title='bbox 735 2037 829 2130; x_wconf 85' lang='lat' dir='ltr'><strong>quasi</strong></span> <span class='ocrx_word' id='word_1_265' title='bbox 846 2035 984 2115; x_wconf 91' lang='lat' dir='ltr'><strong>pretium</strong></span> <span class='ocrx_word' id='word_1_266' title='bbox 1076 2034 1108 2094; x_wconf 84' lang='grc'><strong>3.</strong></span> <span class='ocrx_word' id='word_1_267' title='bbox 1123 2038 1295 2110; x_wconf 80' lang='lat' dir='ltr'><strong>Praeterea,</strong></span> <span class='ocrx_word' id='word_1_268' title='bbox 1310 2038 1445 2101; x_wconf 92' lang='lat' dir='ltr'><strong>scientia</strong></span> <span class='ocrx_word' id='word_1_269' title='bbox 1463 2055 1530 2101; x_wconf 90' lang='lat' dir='ltr'><strong>non</strong></span> <span class='ocrx_word' id='word_1_270' title='bbox 1544 2043 1593 2102; x_wconf 88' lang='lat' dir='ltr'><strong>est</strong></span> <span class='ocrx_word' id='word_1_271' title='bbox 1607 2039 1713 2104; x_wconf 90' lang='lat' dir='ltr'><strong>minus</strong></span> <span class='ocrx_word' id='word_1_272' title='bbox 1730 2041 1829 2120; x_wconf 92' lang='lat' dir='ltr'><strong>spiri-</strong></span> 
     </span>
     <span class='ocr_line' id='line_1_24' title="bbox 121 2111 1828 2204; baseline -0.004 -16"><span class='ocrx_word' id='word_1_273' title='bbox 121 2175 123 2178; x_wconf 87' lang='lat'>.</span> <span class='ocrx_word' id='word_1_274' title='bbox 191 2124 403 2188; x_wconf 89' lang='lat' dir='ltr'><strong>absolutionis</strong></span> <span class='ocrx_word' id='word_1_275' title='bbox 420 2123 505 2202; x_wconf 88' lang='lat' dir='ltr'><strong>(boc</strong></span> <span class='ocrx_word' id='word_1_276' title='bbox 518 2121 604 2182; x_wconf 91' lang='lat' dir='ltr'><strong>enim</strong></span> <span class='ocrx_word' id='word_1_277' title='bbox 621 2120 707 2181; x_wconf 89' lang='lat' dir='ltr'><strong>esset</strong></span> <span class='ocrx_word' id='word_1_278' title='bbox 729 2112 982 2194; x_wconf 76' lang='lat' dir='ltr'><strong>simoniacum);</strong></span> <span class='ocrx_word' id='word_1_279' title='bbox 1036 2113 1133 2203; x_wconf 78' lang='lat' dir='ltr'><strong>ruatis</strong></span> <span class='ocrx_word' id='word_1_280' title='bbox 1154 2111 1254 2204; x_wconf 78' lang='lat' dir='ltr'><strong>quarn</strong></span> <span class='ocrx_word' id='word_1_281' title='bbox 1274 2119 1427 2192; x_wconf 90' lang='lat' dir='ltr'><strong>potestas.</strong></span> <span class='ocrx_word' id='word_1_282' title='bbox 1448 2114 1507 2178; x_wconf 88' lang='lat' dir='ltr'><strong>Sed</strong></span> <span class='ocrx_word' id='word_1_283' title='bbox 1528 2134 1586 2195; x_wconf 91' lang='lat' dir='ltr'><strong>pro</strong></span> <span class='ocrx_word' id='word_1_284' title='bbox 1604 2135 1666 2181; x_wconf 87' lang='lat' dir='ltr'><strong>usu</strong></span> <span class='ocrx_word' id='word_1_285' title='bbox 1687 2121 1828 2182; x_wconf 78' lang='lat' dir='ltr'><strong>scientie</strong></span> 
     </span>
     <span class='ocr_line' id='line_1_25' title="bbox 122 2189 1831 2282; baseline -0.001 -18"><span class='ocrx_word' id='word_1_286' title='bbox 122 2269 124 2274; x_wconf 67' lang='lat'><strong>,</strong></span> <span class='ocrx_word' id='word_1_287' title='bbox 191 2202 246 2264; x_wconf 91' lang='lat' dir='ltr'><strong>sod</strong></span> <span class='ocrx_word' id='word_1_288' title='bbox 261 2203 354 2281; x_wconf 89' lang='lat' dir='ltr'><strong>quasi</strong></span> <span class='ocrx_word' id='word_1_289' title='bbox 369 2217 463 2279; x_wconf 84' lang='lat' dir='ltr'><strong>poena</strong></span> <span class='ocrx_word' id='word_1_290' title='bbox 482 2198 585 2276; x_wconf 78' lang='lat' dir='ltr'><strong>culpas</strong></span> <span class='ocrx_word' id='word_1_291' title='bbox 603 2192 827 2276; x_wconf 76' lang='lat' dir='ltr'><strong>precedentis,</strong></span> <span class='ocrx_word' id='word_1_292' title='bbox 844 2208 903 2271; x_wconf 93' lang='lat' dir='ltr'><strong>pro</strong></span> <span class='ocrx_word' id='word_1_293' title='bbox 918 2189 985 2272; x_wconf 89' lang='lat' dir='ltr'><strong>qud</strong></span> <span class='ocrx_word' id='word_1_294' title='bbox 1036 2189 1111 2252; x_wconf 87' lang='lat' dir='ltr'><strong>lscet</strong></span> <span class='ocrx_word' id='word_1_295' title='bbox 1123 2207 1294 2282; x_wconf 77' lang='lat' dir='ltr'><strong>pecuniam</strong></span> <span class='ocrx_word' id='word_1_296' title='bbox 1308 2193 1471 2270; x_wconf 72' lang='lat' dir='ltr'><strong>acciperer</strong></span> <span class='ocrx_word' id='word_1_297' title='bbox 1486 2194 1569 2258; x_wconf 92' lang='lat' dir='ltr'><strong>sicut</strong></span> <span class='ocrx_word' id='word_1_298' title='bbox 1583 2196 1738 2258; x_wconf 80' lang='lat' dir='ltr'><strong>advocato</strong></span> <span class='ocrx_word' id='word_1_299' title='bbox 1754 2199 1831 2262; x_wconf 84' lang='lat' dir='ltr'><strong>licet</strong></span> 
     </span>
     <span class='ocr_line' id='line_1_26' title="bbox 122 2268 1828 2359; baseline -0.002 -18"><span class='ocrx_word' id='word_1_300' title='bbox 122 2315 125 2320; x_wconf 92' lang='lat'>·</span> <span class='ocrx_word' id='word_1_301' title='bbox 192 2281 251 2346; x_wconf 85' lang='lat' dir='ltr'><strong>luit</strong></span> <span class='ocrx_word' id='word_1_302' title='bbox 264 2277 573 2342; x_wconf 84' lang='lat' dir='ltr'><strong>excommunicatus.</strong></span> <span class='ocrx_word' id='word_1_303' title='bbox 1036 2268 1176 2359; x_wconf 68' lang='lat' dir='ltr'><strong>vendere</strong></span> <span class='ocrx_word' id='word_1_304' title='bbox 1185 2273 1309 2348; x_wconf 81' lang='lat' dir='ltr'><strong>Justum</strong></span> <span class='ocrx_word' id='word_1_305' title='bbox 1324 2271 1550 2347; x_wconf 88' lang='lat' dir='ltr'><strong>patrocinium,</strong></span> <span class='ocrx_word' id='word_1_306' title='bbox 1564 2277 1595 2334; x_wconf 91' lang='lat' dir='ltr'><strong>et</strong></span> <span class='ocrx_word' id='word_1_307' title='bbox 1606 2273 1728 2335; x_wconf 90' lang='lat' dir='ltr'><strong>medico</strong></span> <span class='ocrx_word' id='word_1_308' title='bbox 1742 2293 1828 2337; x_wconf 93' lang='lat' dir='ltr'><strong>con-</strong></span> 
     </span>
     <span class='ocr_line' id='line_1_27' title="bbox 229 2345 1829 2436; baseline -0.003 -18"><span class='ocrx_word' id='word_1_309' title='bbox 229 2359 277 2419; x_wconf 80' lang='lat' dir='ltr'><strong>Ad</strong></span> <span class='ocrx_word' id='word_1_310' title='bbox 294 2362 444 2436; x_wconf 91' lang='lat' dir='ltr'><strong>quartum</strong></span> <span class='ocrx_word' id='word_1_311' title='bbox 460 2351 629 2418; x_wconf 89' lang='lat' dir='ltr'><strong>dicendum</strong></span> <span class='ocrx_word' id='word_1_312' title='bbox 645 2347 750 2428; x_wconf 84' lang='lat' dir='ltr'><strong>qudd,</strong></span> <span class='ocrx_word' id='word_1_313' title='bbox 771 2347 983 2409; x_wconf 88' lang='lat' dir='ltr'><strong>sicutdietum</strong></span> <span class='ocrx_word' id='word_1_314' title='bbox 1036 2345 1145 2406; x_wconf 76' lang='lat' dir='ltr'><strong>silium</strong></span> <span class='ocrx_word' id='word_1_315' title='bbox 1158 2347 1323 2421; x_wconf 89' lang='lat' dir='ltr'><strong>sanitatis,</strong></span> <span class='ocrx_word' id='word_1_316' title='bbox 1337 2351 1369 2409; x_wconf 86' lang='lat' dir='ltr'><strong>ct</strong></span> <span class='ocrx_word' id='word_1_317' title='bbox 1383 2350 1538 2431; x_wconf 88' lang='lat' dir='ltr'><strong>magistro</strong></span> <span class='ocrx_word' id='word_1_318' title='bbox 1553 2350 1693 2413; x_wconf 85' lang='lat' dir='ltr'><strong>officium</strong></span> <span class='ocrx_word' id='word_1_319' title='bbox 1707 2353 1829 2416; x_wconf 88' lang='lat' dir='ltr'><strong>doctri·</strong></span> 
     </span>
     <span class='ocr_line' id='line_1_28' title="bbox 192 2423 1829 2512; baseline 0.001 -16"><span class='ocrx_word' id='word_1_320' title='bbox 192 2441 241 2496; x_wconf 89' lang='lat' dir='ltr'><strong>est</strong></span> <span class='ocrx_word' id='word_1_321' title='bbox 256 2437 287 2495; x_wconf 92' lang='lat' dir='ltr'><strong>in</strong></span> <span class='ocrx_word' id='word_1_322' title='bbox 310 2453 397 2512; x_wconf 90' lang='lat' dir='ltr'><strong>corp.</strong></span> <span class='ocrx_word' id='word_1_323' title='bbox 422 2439 497 2505; x_wconf 80' lang='lat' dir='ltr'><strong>art,</strong></span> <span class='ocrx_word' id='word_1_324' title='bbox 518 2436 549 2493; x_wconf 91' lang='lat' dir='ltr'><strong>et</strong></span> <span class='ocrx_word' id='word_1_325' title='bbox 568 2429 639 2501; x_wconf 76' lang='lat'><strong>1-2,</strong></span> <span class='ocrx_word' id='word_1_326' title='bbox 660 2431 774 2506; x_wconf 77' lang='lat' dir='ltr'><strong>quest.</strong></span> <span class='ocrx_word' id='word_1_327' title='bbox 793 2425 844 2499; x_wconf 78' lang='lat' dir='ltr'><strong>at,</strong></span> <span class='ocrx_word' id='word_1_328' title='bbox 868 2429 929 2487; x_wconf 89' lang='lat' dir='ltr'><strong>art.</strong></span> <span class='ocrx_word' id='word_1_329' title='bbox 951 2425 981 2497; x_wconf 85' lang='lat'><strong>3,</strong></span> <span class='ocrx_word' id='word_1_330' title='bbox 1036 2441 1097 2485; x_wconf 82' lang='lat' dir='ltr'><strong>naa.</strong></span> <span class='ocrx_word' id='word_1_331' title='bbox 1120 2423 1206 2503; x_wconf 89' lang='lat' dir='ltr'><strong>Ergo</strong></span> <span class='ocrx_word' id='word_1_332' title='bbox 1229 2425 1300 2503; x_wconf 89' lang='lat' dir='ltr'><strong>pari</strong></span> <span class='ocrx_word' id='word_1_333' title='bbox 1323 2427 1450 2490; x_wconf 88' lang='lat' dir='ltr'><strong>ratione</strong></span> <span class='ocrx_word' id='word_1_334' title='bbox 1470 2429 1597 2491; x_wconf 83' lang='lat' dir='ltr'><strong>videtur</strong></span> <span class='ocrx_word' id='word_1_335' title='bbox 1621 2429 1708 2508; x_wconf 90' lang='lat' dir='ltr'><strong>qudd</strong></span> <span class='ocrx_word' id='word_1_336' title='bbox 1733 2431 1829 2496; x_wconf 84' lang='lat' dir='ltr'><strong>liceat</strong></span> 
     </span>
     <span class='ocr_line' id='line_1_29' title="bbox 192 2503 1829 2588; baseline 0 -14"><span class='ocrx_word' id='word_1_337' title='bbox 192 2512 390 2574; x_wconf 88' lang='lat' dir='ltr'><strong>consuetudo</strong></span> <span class='ocrx_word' id='word_1_338' title='bbox 404 2527 469 2573; x_wconf 93' lang='lat' dir='ltr'><strong>non</strong></span> <span class='ocrx_word' id='word_1_339' title='bbox 483 2507 670 2588; x_wconf 67' lang='lat' dir='ltr'><strong>prejudicat</strong></span> <span class='ocrx_word' id='word_1_340' title='bbox 683 2505 748 2585; x_wconf 75' lang='lat' dir='ltr'><strong>iuri</strong></span> <span class='ocrx_word' id='word_1_341' title='bbox 765 2504 905 2566; x_wconf 89' lang='lat' dir='ltr'><strong>naturali</strong></span> <span class='ocrx_word' id='word_1_342' title='bbox 931 2504 983 2566; x_wconf 91' lang='lat' dir='ltr'><strong>vel</strong></span> <span class='ocrx_word' id='word_1_343' title='bbox 1036 2503 1168 2580; x_wconf 76' lang='lat' dir='ltr'><strong>prelato</strong></span> <span class='ocrx_word' id='word_1_344' title='bbox 1183 2504 1305 2581; x_wconf 88' lang='lat' dir='ltr'><strong>aliquid</strong></span> <span class='ocrx_word' id='word_1_345' title='bbox 1324 2507 1471 2584; x_wconf 86' lang='lat' dir='ltr'><strong>accipere</strong></span> <span class='ocrx_word' id='word_1_346' title='bbox 1489 2525 1549 2585; x_wconf 91' lang='lat' dir='ltr'><strong>pro</strong></span> <span class='ocrx_word' id='word_1_347' title='bbox 1565 2525 1629 2569; x_wconf 93' lang='lat' dir='ltr'><strong>nsu</strong></span> <span class='ocrx_word' id='word_1_348' title='bbox 1649 2509 1829 2587; x_wconf 89' lang='lat' dir='ltr'><strong>spiritualis</strong></span> 
     </span>
     <span class='ocr_line' id='line_1_30' title="bbox 190 2581 1829 2677; baseline 0.001 -27"><span class='ocrx_word' id='word_1_349' title='bbox 190 2592 319 2665; x_wconf 92' lang='lat' dir='ltr'><strong>divino,</strong></span> <span class='ocrx_word' id='word_1_350' title='bbox 340 2607 406 2668; x_wconf 87' lang='lat' dir='ltr'><strong>quo</strong></span> <span class='ocrx_word' id='word_1_351' title='bbox 428 2588 566 2650; x_wconf 90' lang='lat' dir='ltr'><strong>simonia</strong></span> <span class='ocrx_word' id='word_1_352' title='bbox 590 2585 791 2677; x_wconf 89' lang='lat' dir='ltr'><strong>prohibetur.</strong></span> <span class='ocrx_word' id='word_1_353' title='bbox 806 2583 845 2642; x_wconf 88' lang='lat' dir='ltr'><strong>Et</strong></span> <span class='ocrx_word' id='word_1_354' title='bbox 865 2581 936 2644; x_wconf 90' lang='lat' dir='ltr'><strong>ided</strong></span> <span class='ocrx_word' id='word_1_355' title='bbox 954 2581 983 2645; x_wconf 91' lang='lat' dir='ltr'><strong>si</strong></span> <span class='ocrx_word' id='word_1_356' title='bbox 1037 2598 1104 2642; x_wconf 80' lang='lat' dir='ltr'><strong>sue</strong></span> <span class='ocrx_word' id='word_1_357' title='bbox 1116 2583 1294 2670; x_wconf 84' lang='lat' dir='ltr'><strong>potestatis,</strong></span> <span class='ocrx_word' id='word_1_358' title='bbox 1308 2581 1386 2660; x_wconf 81' lang='lat' dir='ltr'><strong>puta</strong></span> <span class='ocrx_word' id='word_1_359' title='bbox 1399 2602 1458 2661; x_wconf 93' lang='lat' dir='ltr'><strong>pro</strong></span> <span class='ocrx_word' id='word_1_360' title='bbox 1470 2588 1679 2662; x_wconf 79' lang='lat' dir='ltr'><strong>correctione,</strong></span> <span class='ocrx_word' id='word_1_361' title='bbox 1696 2588 1746 2651; x_wconf 88' lang='lat' dir='ltr'><strong>val</strong></span> <span class='ocrx_word' id='word_1_362' title='bbox 1760 2588 1829 2652; x_wconf 90' lang='lat' dir='ltr'><strong>dis·</strong></span> 
     </span>
     <span class='ocr_line' id='line_1_31' title="bbox 189 2661 1726 2758; baseline -0.005 -26"><span class='ocrx_word' id='word_1_363' title='bbox 189 2671 299 2748; x_wconf 91' lang='lat' dir='ltr'><strong>aliqua</strong></span> <span class='ocrx_word' id='word_1_364' title='bbox 313 2666 544 2730; x_wconf 84' lang='lat' dir='ltr'><strong>consuetudine</strong></span> <span class='ocrx_word' id='word_1_365' title='bbox 553 2667 725 2757; x_wconf 62' lang='lat' dir='ltr'><strong>erigantur</strong></span> <span class='ocrx_word' id='word_1_366' title='bbox 739 2661 833 2739; x_wconf 91' lang='lat' dir='ltr'><strong>quasi</strong></span> <span class='ocrx_word' id='word_1_367' title='bbox 844 2661 983 2752; x_wconf 77' lang='lat' dir='ltr'><strong>pretium</strong></span> <span class='ocrx_word' id='word_1_368' title='bbox 1035 2665 1236 2736; x_wconf 77' lang='lat' dir='ltr'><strong>pensatione,</strong></span> <span class='ocrx_word' id='word_1_369' title='bbox 1249 2661 1301 2723; x_wconf 85' lang='lat' dir='ltr'><strong>vol</strong></span> <span class='ocrx_word' id='word_1_370' title='bbox 1313 2662 1424 2754; x_wconf 31' lang='lat' dir='ltr'><strong>aliq-uo</strong></span> <span class='ocrx_word' id='word_1_371' title='bbox 1437 2664 1633 2744; x_wconf 83' lang='lat' dir='ltr'><strong>hujusmodi.</strong></span> <span class='ocrx_word' id='word_1_372' title='bbox 1690 2742 1697 2757; x_wconf 25' lang='grc' dir='ltr'><em>ὑ</em></span> <span class='ocrx_word' id='word_1_373' title='bbox 1719 2743 1726 2758; x_wconf 27' lang='grc' dir='ltr'>ι</span> 
     </span>
     <span class='ocr_line' id='line_1_32' title="bbox 190 2736 1829 2908; baseline -0.001 -22"><span class='ocrx_word' id='word_1_374' title='bbox 190 2745 763 2898; x_wconf 60' lang='lat' dir='ltr'><strong>ittsatiabit,{latablata</strong></span> <span class='ocrx_word' id='word_1_375' title='bbox 777 2738 983 2896; x_wconf 61' lang='lat' dir='ltr'><strong>titillat</strong></span> <span class='ocrx_word' id='word_1_376' title='bbox 1035 2736 1829 2908; x_wconf 54' lang='lat' dir='ltr'><strong>„itrittltttaalt‘’atttbl&#39;att‘tti:</strong></span> 
     </span>
     <span class='ocr_line' id='line_1_33' title="bbox 190 2894 1829 2993; baseline -0.002 -27"><span class='ocrx_word' id='word_1_377' title='bbox 190 2906 217 2966; x_wconf 92' lang='lat' dir='ltr'><strong>si</strong></span> <span class='ocrx_word' id='word_1_378' title='bbox 241 2906 282 2966; x_wconf 92' lang='lat' dir='ltr'><strong>ab</strong></span> <span class='ocrx_word' id='word_1_379' title='bbox 308 2904 409 2966; x_wconf 90' lang='lat' dir='ltr'><strong>invito</strong></span> <span class='ocrx_word' id='word_1_380' title='bbox 440 2901 628 2993; x_wconf 81' lang='lat' dir='ltr'><strong>exigantnr3</strong></span> <span class='ocrx_word' id='word_1_381' title='bbox 657 2897 684 2959; x_wconf 90' lang='lat' dir='ltr'><strong>si</strong></span> <span class='ocrx_word' id='word_1_382' title='bbox 709 2896 785 2958; x_wconf 90' lang='lat' dir='ltr'><strong>verd</strong></span> <span class='ocrx_word' id='word_1_383' title='bbox 811 2897 982 2974; x_wconf 82' lang='lat' dir='ltr'><strong>exigantur</strong></span> <span class='ocrx_word' id='word_1_384' title='bbox 1034 2894 1155 2986; x_wconf 79' lang='lat' dir='ltr'><strong>ahquid</strong></span> <span class='ocrx_word' id='word_1_385' title='bbox 1168 2897 1210 2958; x_wconf 90' lang='lat' dir='ltr'><strong>ab</strong></span> <span class='ocrx_word' id='word_1_386' title='bbox 1219 2896 1272 2966; x_wconf 65' lang='lat' dir='ltr'><strong>,bis</strong></span> <span class='ocrx_word' id='word_1_387' title='bbox 1284 2896 1342 2974; x_wconf 92' lang='lat' dir='ltr'><strong>qui</strong></span> <span class='ocrx_word' id='word_1_388' title='bbox 1356 2896 1566 2976; x_wconf 90' lang='lat' dir='ltr'><strong>recipiuntur,</strong></span> <span class='ocrx_word' id='word_1_389' title='bbox 1579 2900 1730 2979; x_wconf 79' lang='lat' dir='ltr'><strong>exigitur.</strong></span> <span class='ocrx_word' id='word_1_390' title='bbox 1740 2901 1829 2980; x_wconf 88' lang='lat' dir='ltr'><strong>Ergo</strong></span> 
     </span>
     <span class='ocr_line' id='line_1_34' title="bbox 189 2973 1646 3060; baseline -0.004 -18"><span class='ocrx_word' id='word_1_391' title='bbox 189 2983 283 3059; x_wconf 90' lang='lat' dir='ltr'><strong>quasi</strong></span> <span class='ocrx_word' id='word_1_392' title='bbox 303 2982 448 3060; x_wconf 85' lang='lat' dir='ltr'><strong>quaedam</strong></span> <span class='ocrx_word' id='word_1_393' title='bbox 470 2977 627 3058; x_wconf 75' lang='lat' dir='ltr'><strong>stipendia</strong></span> <span class='ocrx_word' id='word_1_394' title='bbox 644 2974 980 3053; x_wconf 87' lang='lat' dir='ltr'><strong>perconsuetudinem</strong></span> <span class='ocrx_word' id='word_1_395' title='bbox 1033 2973 1109 3033; x_wconf 83' lang='lat' dir='ltr'><strong>ltoet</strong></span> <span class='ocrx_word' id='word_1_396' title='bbox 1144 2991 1182 3033; x_wconf 93' lang='lat' dir='ltr'><strong>ro</strong></span> <span class='ocrx_word' id='word_1_397' title='bbox 1197 2975 1356 3050; x_wconf 92' lang='lat' dir='ltr'><strong>spirituali</strong></span> <span class='ocrx_word' id='word_1_398' title='bbox 1369 2974 1412 3038; x_wconf 93' lang='lat' dir='ltr'><strong>ali</strong></span> <span class='ocrx_word' id='word_1_399' title='bbox 1460 2976 1490 3038; x_wconf 93' lang='lat' dir='ltr'><strong>id</strong></span> <span class='ocrx_word' id='word_1_400' title='bbox 1505 2978 1646 3056; x_wconf 76' lang='lat' dir='ltr'><strong>exigere.</strong></span> 
     </span>
     <span class='ocr_line' id='line_1_35' title="bbox 189 3050 1826 3147; baseline -0.001 -26"><span class='ocrx_word' id='word_1_401' title='bbox 189 3062 378 3147; x_wconf 68' lang='lat' dir='ltr'><strong>approbata,</strong></span> <span class='ocrx_word' id='word_1_402' title='bbox 388 3071 454 3119; x_wconf 90' lang='lat' dir='ltr'><strong>non</strong></span> <span class='ocrx_word' id='word_1_403' title='bbox 464 3067 512 3120; x_wconf 91' lang='lat' dir='ltr'><strong>est</strong></span> <span class='ocrx_word' id='word_1_404' title='bbox 526 3054 680 3128; x_wconf 89' lang='lat' dir='ltr'><strong>simonia;</strong></span> <span class='ocrx_word' id='word_1_405' title='bbox 696 3053 723 3115; x_wconf 90' lang='lat' dir='ltr'><strong>si</strong></span> <span class='ocrx_word' id='word_1_406' title='bbox 732 3057 837 3117; x_wconf 90' lang='lat' dir='ltr'><strong>tamen</strong></span> <span class='ocrx_word' id='word_1_407' title='bbox 848 3050 983 3115; x_wconf 85' lang='lat' dir='ltr'><strong>desitin·</strong></span> <span class='ocrx_word' id='word_1_408' title='bbox 1145 3057 1257 3115; x_wconf 91' lang='lat' dir='ltr'><strong>contra</strong></span> <span class='ocrx_word' id='word_1_409' title='bbox 1266 3053 1410 3131; x_wconf 91' lang='lat' dir='ltr'><strong>estquod</strong></span> <span class='ocrx_word' id='word_1_410' title='bbox 1440 3055 1536 3117; x_wconf 89' lang='lat' dir='ltr'><strong>icitur</strong></span> <span class='ocrx_word' id='word_1_411' title='bbox 1546 3055 1576 3129; x_wconf 92' lang='lat'><strong>1,</strong></span> <span class='ocrx_word' id='word_1_412' title='bbox 1586 3059 1700 3133; x_wconf 81' lang='lat' dir='ltr'><strong>quaest.</strong></span> <span class='ocrx_word' id='word_1_413' title='bbox 1712 3057 1742 3129; x_wconf 88' lang='lat'><strong>1,</strong></span> <span class='ocrx_word' id='word_1_414' title='bbox 1753 3073 1826 3137; x_wconf 84' lang='lat' dir='ltr'><strong>cap.</strong></span> 
     </span>
     <span class='ocr_line' id='line_1_36' title="bbox 189 3127 1829 3213; baseline -0.001 -14"><span class='ocrx_word' id='word_1_415' title='bbox 189 3139 289 3200; x_wconf 91' lang='lat' dir='ltr'><strong>tentio</strong></span> <span class='ocrx_word' id='word_1_416' title='bbox 299 3138 435 3209; x_wconf 89' lang='lat' dir='ltr'><strong>emendi,</strong></span> <span class='ocrx_word' id='word_1_417' title='bbox 446 3137 497 3198; x_wconf 88' lang='lat' dir='ltr'><strong>val</strong></span> <span class='ocrx_word' id='word_1_418' title='bbox 509 3132 675 3206; x_wconf 90' lang='lat' dir='ltr'><strong>vendendi,</strong></span> <span class='ocrx_word' id='word_1_419' title='bbox 687 3132 742 3194; x_wconf 89' lang='lat' dir='ltr'><strong>sed</strong></span> <span class='ocrx_word' id='word_1_420' title='bbox 750 3131 885 3195; x_wconf 90' lang='lat' dir='ltr'><strong>intentio</strong></span> <span class='ocrx_word' id='word_1_421' title='bbox 899 3130 980 3193; x_wconf 87' lang='lat' dir='ltr'><strong>reie·</strong></span> <span class='ocrx_word' id='word_1_422' title='bbox 1034 3127 1097 3189; x_wconf 80' lang='lat'><strong>10:</strong></span> <span class='ocrx_word' id='word_1_423' title='bbox 1116 3130 1278 3209; x_wconf 80' lang='lat' dir='ltr'><strong>Quidquid</strong></span> <span class='ocrx_word' id='word_1_424' title='bbox 1297 3131 1467 3195; x_wconf 82' lang='lat' dir='ltr'><strong>inuisibilis</strong></span> <span class='ocrx_word' id='word_1_425' title='bbox 1485 3134 1595 3213; x_wconf 75' lang='lat' dir='ltr'><strong>qratia</strong></span> <span class='ocrx_word' id='word_1_426' title='bbox 1612 3134 1829 3199; x_wconf 80' lang='lat' dir='ltr'><strong>consolatione</strong></span> 
     </span>
    </p>
   </div>
   <div class='ocr_carea' id='block_1_3' title="bbox 190 3207 1827 3353">
    <p class='ocr_par' dir='ltr' id='par_1_3' title="bbox 190 3207 1827 3353">
     <span class='ocr_line' id='line_1_37' title="bbox 190 3207 1827 3353; baseline -0.001 -77"><span class='ocrx_word' id='word_1_427' title='bbox 190 3214 326 3278; x_wconf 88' lang='lat' dir='ltr'><strong>raturad</strong></span> <span class='ocrx_word' id='word_1_428' title='bbox 335 3216 437 3277; x_wconf 89' lang='lat' dir='ltr'><strong>solam</strong></span> <span class='ocrx_word' id='word_1_429' title='bbox 445 3208 980 3277; x_wconf 85' lang='lat' dir='ltr'><strong>consuetudinisobservantiam,et</strong></span> <span class='ocrx_word' id='word_1_430' title='bbox 1034 3207 1196 3277; x_wconf 83' lang='lat' dir='ltr'><strong>tribuitur.</strong></span> <span class='ocrx_word' id='word_1_431' title='bbox 1212 3211 1372 3289; x_wconf 82' lang='lat' dir='ltr'><strong>uuuqudm</strong></span> <span class='ocrx_word' id='word_1_432' title='bbox 1384 3211 1551 3290; x_wconf 78' lang='lat' dir='ltr'><strong>questibus</strong></span> <span class='ocrx_word' id='word_1_433' title='bbox 1572 3212 1619 3274; x_wconf 80' lang='lat' dir='ltr'><strong>ut</strong></span> <span class='ocrx_word' id='word_1_434' title='bbox 1640 3213 1827 3353; x_wconf 46' lang='lat' dir='ltr'><strong>&amp;idealiter</strong></span> 
     </span>
    </p>
   </div>
   <div class='ocr_carea' id='block_1_4' title="bbox 183 3286 1826 5795">
    <p class='ocr_par' dir='ltr' id='par_1_4' title="bbox 183 3286 1826 5795">
     <span class='ocr_line' id='line_1_38' title="bbox 188 3286 1826 3433; baseline -0.001 -78"><span class='ocrx_word' id='word_1_435' title='bbox 188 3292 348 3433; x_wconf 57' lang='lat' dir='ltr'><strong>praecipue</strong></span> <span class='ocrx_word' id='word_1_436' title='bbox 364 3292 494 3372; x_wconf 92' lang='lat' dir='ltr'><strong>quando</strong></span> <span class='ocrx_word' id='word_1_437' title='bbox 506 3290 623 3369; x_wconf 85' lang='lat' dir='ltr'><strong>aliquis</strong></span> <span class='ocrx_word' id='word_1_438' title='bbox 634 3286 931 3352; x_wconf 82' lang='lat' dir='ltr'><strong>voluntaridsolvit.</strong></span> <span class='ocrx_word' id='word_1_439' title='bbox 942 3288 980 3349; x_wconf 91' lang='lat' dir='ltr'><strong>ln</strong></span> <span class='ocrx_word' id='word_1_440' title='bbox 1027 3288 1168 3423; x_wconf 55' lang='lat' dir='ltr'><strong>gremiis</strong></span> <span class='ocrx_word' id='word_1_441' title='bbox 1181 3288 1364 3349; x_wconf 60' lang='lat' dir='ltr'><strong>neumausi</strong></span> <span class='ocrx_word' id='word_1_442' title='bbox 1376 3287 1508 3380; x_wconf 72' lang='lat' dir='ltr'><strong>penitus</strong></span> <span class='ocrx_word' id='word_1_443' title='bbox 1521 3288 1618 3352; x_wconf 81' lang='lat' dir='ltr'><strong>debet.</strong></span> <span class='ocrx_word' id='word_1_444' title='bbox 1680 3291 1699 3351; x_wconf 91' lang='lat' dir='ltr'><strong>d</strong></span> <span class='ocrx_word' id='word_1_445' title='bbox 1715 3294 1826 3357; x_wconf 89' lang='lat' dir='ltr'><strong>omnia</strong></span> 
     </span>
     <span class='ocr_line' id='line_1_39' title="bbox 213 3365 1825 3445; baseline 0.001 -13"><span class='ocrx_word' id='word_1_446' title='bbox 213 3372 239 3434; x_wconf 89' lang='lat' dir='ltr'><strong>is</strong></span> <span class='ocrx_word' id='word_1_447' title='bbox 265 3378 372 3433; x_wconf 91' lang='lat' dir='ltr'><strong>tamen</strong></span> <span class='ocrx_word' id='word_1_448' title='bbox 393 3370 543 3432; x_wconf 91' lang='lat' dir='ltr'><strong>omnibus</strong></span> <span class='ocrx_word' id='word_1_449' title='bbox 573 3366 709 3431; x_wconf 73' lang='lat' dir='ltr'><strong>sollicita</strong></span> <span class='ocrx_word' id='word_1_450' title='bbox 731 3366 909 3431; x_wconf 84' lang='lat' dir='ltr'><strong>cavendum</strong></span> <span class='ocrx_word' id='word_1_451' title='bbox 931 3370 982 3427; x_wconf 89' lang='lat' dir='ltr'><strong>est</strong></span> <span class='ocrx_word' id='word_1_452' title='bbox 1056 3382 1078 3423; x_wconf 93' lang='lat' dir='ltr'><strong>n</strong></span> <span class='ocrx_word' id='word_1_453' title='bbox 1092 3365 1406 3443; x_wconf 86' lang='lat' dir='ltr'><strong>usmodispiritualra</strong></span> <span class='ocrx_word' id='word_1_454' title='bbox 1416 3385 1475 3445; x_wconf 91' lang='lat' dir='ltr'><strong>per</strong></span> <span class='ocrx_word' id='word_1_455' title='bbox 1484 3368 1677 3430; x_wconf 88' lang='lat' dir='ltr'><strong>invisibilem</strong></span> <span class='ocrx_word' id='word_1_456' title='bbox 1727 3370 1825 3433; x_wconf 79' lang='lat' dir='ltr'><strong>etiam</strong></span> 
     </span>
     <span class='ocr_line' id='line_1_40' title="bbox 185 3384 1825 3529; baseline -0.001 -17"><span class='ocrx_word' id='word_1_457' title='bbox 185 3451 272 3529; x_wconf 94' lang='lat' dir='ltr'><strong>quod</strong></span> <span class='ocrx_word' id='word_1_458' title='bbox 292 3452 388 3511; x_wconf 88' lang='lat' dir='ltr'><strong>babet</strong></span> <span class='ocrx_word' id='word_1_459' title='bbox 403 3449 542 3526; x_wconf 89' lang='lat' dir='ltr'><strong>speciem</strong></span> <span class='ocrx_word' id='word_1_460' title='bbox 561 3447 706 3509; x_wconf 77' lang='lat' dir='ltr'><strong>simonie</strong></span> <span class='ocrx_word' id='word_1_461' title='bbox 721 3446 771 3506; x_wconf 86' lang='lat' dir='ltr'><strong>rol</strong></span> <span class='ocrx_word' id='word_1_462' title='bbox 782 3444 977 3523; x_wconf 87' lang='lat' dir='ltr'><strong>cupiditatis,</strong></span> <span class='ocrx_word' id='word_1_463' title='bbox 1032 3384 1230 3509; x_wconf 61' lang='lat' dir='ltr'><strong>diluuntur.</strong></span> <span class='ocrx_word' id='word_1_464' title='bbox 1245 3444 1330 3523; x_wconf 89' lang='lat' dir='ltr'><strong>Ergo</strong></span> <span class='ocrx_word' id='word_1_465' title='bbox 1346 3461 1412 3508; x_wconf 91' lang='lat' dir='ltr'><strong>non</strong></span> <span class='ocrx_word' id='word_1_466' title='bbox 1428 3446 1503 3508; x_wconf 90' lang='lat' dir='ltr'><strong>licet</strong></span> <span class='ocrx_word' id='word_1_467' title='bbox 1521 3463 1561 3507; x_wconf 86' lang='lat' dir='ltr'><strong>ea</strong></span> <span class='ocrx_word' id='word_1_468' title='bbox 1579 3448 1691 3524; x_wconf 83' lang='lat' dir='ltr'><strong>questi</strong></span> <span class='ocrx_word' id='word_1_469' title='bbox 1716 3466 1754 3509; x_wconf 91' lang='lat' dir='ltr'><strong>us</strong></span> <span class='ocrx_word' id='word_1_470' title='bbox 1775 3450 1825 3513; x_wconf 89' lang='lat' dir='ltr'><strong>vel</strong></span> 
     </span>
     <span class='ocr_line' id='line_1_41' title="bbox 186 3521 1394 3606; baseline -0.007 -16"><span class='ocrx_word' id='word_1_471' title='bbox 186 3527 360 3590; x_wconf 79' lang='lat' dir='ltr'><strong>secundum</strong></span> <span class='ocrx_word' id='word_1_472' title='bbox 378 3525 456 3588; x_wconf 93' lang='lat' dir='ltr'><strong>illud</strong></span> <span class='ocrx_word' id='word_1_473' title='bbox 476 3526 620 3606; x_wconf 79' lang='lat' dir='ltr'><strong>Apostoli</strong></span> <span class='ocrx_word' id='word_1_474' title='bbox 641 3524 709 3586; x_wconf 87' lang='lat' dir='ltr'><strong>iad</strong></span> <span class='ocrx_word' id='word_1_475' title='bbox 731 3524 877 3585; x_wconf 84' lang='lat' dir='ltr'><strong>Thessal.</strong></span> <span class='ocrx_word' id='word_1_476' title='bbox 899 3523 978 3595; x_wconf 92' lang='lat' dir='ltr'><strong>nlt.,</strong></span> <span class='ocrx_word' id='word_1_477' title='bbox 1032 3521 1172 3598; x_wconf 79' lang='lat' dir='ltr'><strong>praemiis</strong></span> <span class='ocrx_word' id='word_1_478' title='bbox 1189 3521 1394 3585; x_wconf 88' lang='lat' dir='ltr'><strong>venumdare.</strong></span> 
     </span>
     <span class='ocr_line' id='line_1_42' title="bbox 185 3599 1825 3684; baseline 0 -18"><span class='ocrx_word' id='word_1_479' title='bbox 185 3606 226 3666; x_wconf 74' lang='lat'><strong>22</strong></span> <span class='ocrx_word' id='word_1_480' title='bbox 241 3627 249 3665; x_wconf 77' lang='lat' dir='ltr'><strong>r</strong></span> <span class='ocrx_word' id='word_1_481' title='bbox 262 3606 306 3667; x_wconf 84' lang='lat' dir='ltr'><strong>Ab</strong></span> <span class='ocrx_word' id='word_1_482' title='bbox 322 3608 406 3667; x_wconf 88' lang='lat' dir='ltr'><strong>omui</strong></span> <span class='ocrx_word' id='word_1_483' title='bbox 417 3603 608 3684; x_wconf 82' lang='lat' dir='ltr'><strong>speciemold</strong></span> <span class='ocrx_word' id='word_1_484' title='bbox 619 3602 767 3663; x_wconf 80' lang='lat' dir='ltr'><strong>abstinete</strong></span> <span class='ocrx_word' id='word_1_485' title='bbox 781 3619 846 3661; x_wconf 86' lang='lat' dir='ltr'><strong>uos.</strong></span> <span class='ocrx_word' id='word_1_486' title='bbox 1072 3599 1260 3676; x_wconf 84' lang='lat' dir='ltr'><strong>Respondeo</strong></span> <span class='ocrx_word' id='word_1_487' title='bbox 1282 3600 1451 3662; x_wconf 90' lang='lat' dir='ltr'><strong>dicendum</strong></span> <span class='ocrx_word' id='word_1_488' title='bbox 1478 3600 1580 3680; x_wconf 88' lang='lat' dir='ltr'><strong>qudd,</strong></span> <span class='ocrx_word' id='word_1_489' title='bbox 1605 3602 1688 3665; x_wconf 89' lang='lat' dir='ltr'><strong>sicut</strong></span> <span class='ocrx_word' id='word_1_490' title='bbox 1713 3620 1825 3667; x_wconf 89' lang='lat' dir='ltr'><strong>sacra-</strong></span> 
     </span>
     <span class='ocr_line' id='line_1_43' title="bbox 228 3676 1824 3763; baseline 0 -20"><span class='ocrx_word' id='word_1_491' title='bbox 228 3684 273 3743; x_wconf 77' lang='lat' dir='ltr'><strong>Ad</strong></span> <span class='ocrx_word' id='word_1_492' title='bbox 283 3686 433 3763; x_wconf 91' lang='lat' dir='ltr'><strong>quintum</strong></span> <span class='ocrx_word' id='word_1_493' title='bbox 445 3681 613 3743; x_wconf 91' lang='lat' dir='ltr'><strong>dicendum</strong></span> <span class='ocrx_word' id='word_1_494' title='bbox 626 3680 711 3758; x_wconf 85' lang='lat' dir='ltr'><strong>qudd</strong></span> <span class='ocrx_word' id='word_1_495' title='bbox 725 3676 900 3756; x_wconf 81' lang='lat' dir='ltr'><strong>antequam</strong></span> <span class='ocrx_word' id='word_1_496' title='bbox 913 3678 980 3739; x_wconf 90' lang='lat' dir='ltr'><strong>ali·</strong></span> <span class='ocrx_word' id='word_1_497' title='bbox 1033 3682 1141 3737; x_wconf 85' lang='lat' dir='ltr'><strong>menta</strong></span> <span class='ocrx_word' id='word_1_498' title='bbox 1155 3677 1305 3739; x_wconf 90' lang='lat' dir='ltr'><strong>dicuntur</strong></span> <span class='ocrx_word' id='word_1_499' title='bbox 1319 3679 1516 3756; x_wconf 90' lang='lat' dir='ltr'><strong>spiritualia,</strong></span> <span class='ocrx_word' id='word_1_500' title='bbox 1532 3680 1608 3758; x_wconf 87' lang='lat' dir='ltr'><strong>quia</strong></span> <span class='ocrx_word' id='word_1_501' title='bbox 1623 3681 1824 3758; x_wconf 86' lang='lat' dir='ltr'><strong>spiritualem</strong></span> 
     </span>
     <span class='ocr_line' id='line_1_44' title="bbox 188 3754 1824 3840; baseline -0.001 -17"><span class='ocrx_word' id='word_1_502' title='bbox 188 3762 240 3823; x_wconf 92' lang='lat' dir='ltr'><strong>cni</strong></span> <span class='ocrx_word' id='word_1_503' title='bbox 262 3764 450 3839; x_wconf 90' lang='lat' dir='ltr'><strong>acquiratur</strong></span> <span class='ocrx_word' id='word_1_504' title='bbox 472 3761 525 3840; x_wconf 87' lang='lat' dir='ltr'><strong>jus</strong></span> <span class='ocrx_word' id='word_1_505' title='bbox 552 3760 586 3820; x_wconf 93' lang='lat' dir='ltr'><strong>in</strong></span> <span class='ocrx_word' id='word_1_506' title='bbox 611 3758 796 3836; x_wconf 88' lang='lat' dir='ltr'><strong>episcopatu</strong></span> <span class='ocrx_word' id='word_1_507' title='bbox 819 3756 869 3818; x_wconf 87' lang='lat' dir='ltr'><strong>vel</strong></span> <span class='ocrx_word' id='word_1_508' title='bbox 895 3756 980 3833; x_wconf 81' lang='lat' dir='ltr'><strong>qud·</strong></span> <span class='ocrx_word' id='word_1_509' title='bbox 1032 3754 1203 3818; x_wconf 89' lang='lat' dir='ltr'><strong>conlernut</strong></span> <span class='ocrx_word' id='word_1_510' title='bbox 1215 3757 1362 3835; x_wconf 89' lang='lat' dir='ltr'><strong>gratiam,</strong></span> <span class='ocrx_word' id='word_1_511' title='bbox 1376 3758 1421 3820; x_wconf 93' lang='lat' dir='ltr'><strong>ita</strong></span> <span class='ocrx_word' id='word_1_512' title='bbox 1434 3758 1529 3821; x_wconf 88' lang='lat' dir='ltr'><strong>etiam</strong></span> <span class='ocrx_word' id='word_1_513' title='bbox 1543 3759 1688 3837; x_wconf 79' lang='lat' dir='ltr'><strong>quaedam</strong></span> <span class='ocrx_word' id='word_1_514' title='bbox 1701 3760 1766 3823; x_wconf 90' lang='lat' dir='ltr'><strong>alia</strong></span> <span class='ocrx_word' id='word_1_515' title='bbox 1777 3760 1824 3821; x_wconf 92' lang='lat' dir='ltr'><strong>di·</strong></span> 
     </span>
     <span class='ocr_line' id='line_1_45' title="bbox 187 3833 1823 3919; baseline 0.002 -18"><span class='ocrx_word' id='word_1_516' title='bbox 187 3857 326 3916; x_wconf 89' lang='lat' dir='ltr'><strong>cumque</strong></span> <span class='ocrx_word' id='word_1_517' title='bbox 340 3840 493 3919; x_wconf 82' lang='lat' dir='ltr'><strong>dignitate</strong></span> <span class='ocrx_word' id='word_1_518' title='bbox 508 3838 558 3899; x_wconf 89' lang='lat' dir='ltr'><strong>vel</strong></span> <span class='ocrx_word' id='word_1_519' title='bbox 574 3833 754 3915; x_wconf 78' lang='lat' dir='ltr'><strong>praebendi,</strong></span> <span class='ocrx_word' id='word_1_520' title='bbox 769 3853 829 3912; x_wconf 89' lang='lat' dir='ltr'><strong>per</strong></span> <span class='ocrx_word' id='word_1_521' title='bbox 843 3834 979 3896; x_wconf 88' lang='lat' dir='ltr'><strong>electio-</strong></span> <span class='ocrx_word' id='word_1_522' title='bbox 1033 3840 1150 3894; x_wconf 77' lang='lat' dir='ltr'><strong>cusrtnr</strong></span> <span class='ocrx_word' id='word_1_523' title='bbox 1169 3835 1370 3911; x_wconf 85' lang='lat' dir='ltr'><strong>spiritualia,</strong></span> <span class='ocrx_word' id='word_1_524' title='bbox 1385 3837 1464 3914; x_wconf 91' lang='lat' dir='ltr'><strong>quia</strong></span> <span class='ocrx_word' id='word_1_525' title='bbox 1483 3855 1524 3897; x_wconf 87' lang='lat' dir='ltr'><strong>ex</strong></span> <span class='ocrx_word' id='word_1_526' title='bbox 1542 3838 1700 3914; x_wconf 89' lang='lat' dir='ltr'><strong>spirituali</strong></span> <span class='ocrx_word' id='word_1_527' title='bbox 1719 3839 1823 3917; x_wconf 75' lang='lat' dir='ltr'><strong>gratia</strong></span> 
     </span>
     <span class='ocr_line' id='line_1_46' title="bbox 186 3912 1823 3996; baseline 0.001 -19"><span class='ocrx_word' id='word_1_528' title='bbox 186 3912 980 3996; x_wconf 82' lang='lat' dir='ltr'><strong>nernvelprovisionenrseucollationem,simonia·</strong></span> <span class='ocrx_word' id='word_1_529' title='bbox 1031 3912 1219 3989; x_wconf 86' lang='lat' dir='ltr'><strong>procedunt,</strong></span> <span class='ocrx_word' id='word_1_530' title='bbox 1233 3917 1266 3975; x_wconf 87' lang='lat' dir='ltr'><strong>et</strong></span> <span class='ocrx_word' id='word_1_531' title='bbox 1278 3914 1319 3977; x_wconf 90' lang='lat' dir='ltr'><strong>ad</strong></span> <span class='ocrx_word' id='word_1_532' title='bbox 1333 3930 1405 3975; x_wconf 88' lang='lat' dir='ltr'><strong>eam</strong></span> <span class='ocrx_word' id='word_1_533' title='bbox 1418 3914 1593 3993; x_wconf 88' lang='lat' dir='ltr'><strong>disponunt</strong></span> <span class='ocrx_word' id='word_1_534' title='bbox 1608 3936 1615 3975; x_wconf 74' lang='grc' dir='ltr'><em>τ</em></span> <span class='ocrx_word' id='word_1_535' title='bbox 1630 3933 1702 3993; x_wconf 78' lang='lat' dir='ltr'><strong>qua</strong></span> <span class='ocrx_word' id='word_1_536' title='bbox 1716 3925 1823 3982; x_wconf 73' lang='lat' dir='ltr'><strong>tantm</strong></span> 
     </span>
     <span class='ocr_line' id='line_1_47' title="bbox 188 3990 1823 4073; baseline 0.001 -17"><span class='ocrx_word' id='word_1_537' title='bbox 188 4014 260 4056; x_wconf 92' lang='lat' dir='ltr'><strong>cum</strong></span> <span class='ocrx_word' id='word_1_538' title='bbox 286 4000 370 4059; x_wconf 89' lang='lat' dir='ltr'><strong>esset</strong></span> <span class='ocrx_word' id='word_1_539' title='bbox 390 3994 628 4059; x_wconf 86' lang='lat' dir='ltr'><strong>adversantium</strong></span> <span class='ocrx_word' id='word_1_540' title='bbox 652 3990 819 4054; x_wconf 87' lang='lat' dir='ltr'><strong>obstacula</strong></span> <span class='ocrx_word' id='word_1_541' title='bbox 842 3991 979 4069; x_wconf 78' lang='lat' dir='ltr'><strong>pecunia</strong></span> <span class='ocrx_word' id='word_1_542' title='bbox 1032 4008 1090 4067; x_wconf 91' lang='lat' dir='ltr'><strong>per</strong></span> <span class='ocrx_word' id='word_1_543' title='bbox 1105 3991 1274 4053; x_wconf 89' lang='lat' dir='ltr'><strong>bominum</strong></span> <span class='ocrx_word' id='word_1_544' title='bbox 1288 3992 1500 4054; x_wconf 89' lang='lat' dir='ltr'><strong>ministerium</strong></span> <span class='ocrx_word' id='word_1_545' title='bbox 1519 3994 1724 4068; x_wconf 83' lang='lat' dir='ltr'><strong>oxhibentur,</strong></span> <span class='ocrx_word' id='word_1_546' title='bbox 1740 4014 1823 4073; x_wconf 91' lang='lat' dir='ltr'><strong>quos</strong></span> 
     </span>
     <span class='ocr_line' id='line_1_48' title="bbox 185 4068 1823 4150; baseline 0.001 -16"><span class='ocrx_word' id='word_1_547' title='bbox 185 4075 340 4137; x_wconf 89' lang='lat' dir='ltr'><strong>redimere</strong></span> <span class='ocrx_word' id='word_1_548' title='bbox 363 4095 370 4133; x_wconf 79' lang='grc' dir='ltr'><strong><em>ε</em></strong></span> <span class='ocrx_word' id='word_1_549' title='bbox 391 4073 439 4136; x_wconf 90' lang='lat' dir='ltr'><strong>sic</strong></span> <span class='ocrx_word' id='word_1_550' title='bbox 459 4072 544 4134; x_wconf 85' lang='lat' dir='ltr'><strong>onim</strong></span> <span class='ocrx_word' id='word_1_551' title='bbox 572 4088 631 4149; x_wconf 90' lang='lat' dir='ltr'><strong>per</strong></span> <span class='ocrx_word' id='word_1_552' title='bbox 653 4070 823 4148; x_wconf 89' lang='lat' dir='ltr'><strong>pecuniam</strong></span> <span class='ocrx_word' id='word_1_553' title='bbox 849 4074 979 4147; x_wconf 89' lang='lat' dir='ltr'><strong>pararet</strong></span> <span class='ocrx_word' id='word_1_554' title='bbox 1031 4068 1194 4146; x_wconf 80' lang='lat' dir='ltr'><strong>oportetd</strong></span> <span class='ocrx_word' id='word_1_555' title='bbox 1215 4072 1336 4149; x_wconf 92' lang='lat' dir='ltr'><strong>populo</strong></span> <span class='ocrx_word' id='word_1_556' title='bbox 1357 4072 1546 4143; x_wconf 89' lang='lat' dir='ltr'><strong>sustentari,</strong></span> <span class='ocrx_word' id='word_1_557' title='bbox 1568 4072 1619 4133; x_wconf 90' lang='lat' dir='ltr'><strong>cui</strong></span> <span class='ocrx_word' id='word_1_558' title='bbox 1639 4074 1823 4150; x_wconf 88' lang='lat' dir='ltr'><strong>spiritualia</strong></span> 
     </span>
     <span class='ocr_line' id='line_1_49' title="bbox 185 4145 1820 4228; baseline -0.002 -13"><span class='ocrx_word' id='word_1_559' title='bbox 185 4153 246 4215; x_wconf 90' lang='lat' dir='ltr'><strong>sibi</strong></span> <span class='ocrx_word' id='word_1_560' title='bbox 256 4154 343 4215; x_wconf 86' lang='lat' dir='ltr'><strong>riam</strong></span> <span class='ocrx_word' id='word_1_561' title='bbox 352 4152 392 4214; x_wconf 91' lang='lat' dir='ltr'><strong>ad</strong></span> <span class='ocrx_word' id='word_1_562' title='bbox 402 4170 470 4213; x_wconf 89' lang='lat' dir='ltr'><strong>rem</strong></span> <span class='ocrx_word' id='word_1_563' title='bbox 479 4149 678 4228; x_wconf 88' lang='lat' dir='ltr'><strong>spiritualem</strong></span> <span class='ocrx_word' id='word_1_564' title='bbox 689 4145 906 4209; x_wconf 89' lang='lat' dir='ltr'><strong>obtinendam.</strong></span> <span class='ocrx_word' id='word_1_565' title='bbox 918 4147 978 4209; x_wconf 87' lang='lat' dir='ltr'><strong>Sed</strong></span> <span class='ocrx_word' id='word_1_566' title='bbox 1031 4146 1267 4222; x_wconf 88' lang='lat' dir='ltr'><strong>administrant,</strong></span> <span class='ocrx_word' id='word_1_567' title='bbox 1283 4147 1458 4211; x_wconf 81' lang='lat' dir='ltr'><strong>secundum</strong></span> <span class='ocrx_word' id='word_1_568' title='bbox 1473 4149 1550 4209; x_wconf 89' lang='lat' dir='ltr'><strong>illud</strong></span> <span class='ocrx_word' id='word_1_569' title='bbox 1566 4151 1581 4209; x_wconf 88' lang='lat'>1</span> <span class='ocrx_word' id='word_1_570' title='bbox 1595 4151 1634 4211; x_wconf 92' lang='lat' dir='ltr'><strong>ad</strong></span> <span class='ocrx_word' id='word_1_571' title='bbox 1649 4152 1722 4212; x_wconf 85' lang='lat' dir='ltr'><strong>Cor.</strong></span> <span class='ocrx_word' id='word_1_572' title='bbox 1735 4152 1766 4220; x_wconf 84' lang='lat' dir='ltr'><strong>tl,</strong></span> <span class='ocrx_word' id='word_1_573' title='bbox 1779 4152 1820 4212; x_wconf 79' lang='lat' dir='ltr'><strong>l:</strong></span> 
     </span>
     <span class='ocr_line' id='line_1_50' title="bbox 186 4225 1822 4310; baseline 0.001 -20"><span class='ocrx_word' id='word_1_574' title='bbox 186 4228 357 4308; x_wconf 84' lang='lat' dir='ltr'><strong>postqudm</strong></span> <span class='ocrx_word' id='word_1_575' title='bbox 382 4232 435 4310; x_wconf 92' lang='lat' dir='ltr'><strong>jns</strong></span> <span class='ocrx_word' id='word_1_576' title='bbox 470 4228 566 4291; x_wconf 89' lang='lat' dir='ltr'><strong>alicui</strong></span> <span class='ocrx_word' id='word_1_577' title='bbox 592 4227 659 4305; x_wconf 83' lang='lat' dir='ltr'><strong>jam</strong></span> <span class='ocrx_word' id='word_1_578' title='bbox 683 4225 878 4304; x_wconf 88' lang='lat' dir='ltr'><strong>acquisitum</strong></span> <span class='ocrx_word' id='word_1_579' title='bbox 909 4230 976 4299; x_wconf 90' lang='lat' dir='ltr'><strong>est,</strong></span> <span class='ocrx_word' id='word_1_580' title='bbox 1031 4226 1110 4301; x_wconf 81' lang='lat' dir='ltr'><strong>Quis</strong></span> <span class='ocrx_word' id='word_1_581' title='bbox 1128 4227 1244 4288; x_wconf 86' lang='lat' dir='ltr'><strong>militat</strong></span> <span class='ocrx_word' id='word_1_582' title='bbox 1263 4228 1328 4290; x_wconf 85' lang='lat' dir='ltr'><strong>suis</strong></span> <span class='ocrx_word' id='word_1_583' title='bbox 1348 4228 1512 4305; x_wconf 80' lang='lat' dir='ltr'><strong>stipendiis</strong></span> <span class='ocrx_word' id='word_1_584' title='bbox 1528 4227 1723 4305; x_wconf 77' lang='lat' dir='ltr'><strong>uuqudmi...</strong></span> <span class='ocrx_word' id='word_1_585' title='bbox 1742 4228 1822 4303; x_wconf 81' lang='lat' dir='ltr'><strong>Quis</strong></span> 
     </span>
     <span class='ocr_line' id='line_1_51' title="bbox 187 4304 1815 4387; baseline 0 -20"><span class='ocrx_word' id='word_1_586' title='bbox 187 4308 327 4385; x_wconf 87' lang='lat' dir='ltr'><strong>licetpcr</strong></span> <span class='ocrx_word' id='word_1_587' title='bbox 339 4308 509 4387; x_wconf 88' lang='lat' dir='ltr'><strong>pecuniam</strong></span> <span class='ocrx_word' id='word_1_588' title='bbox 532 4304 652 4385; x_wconf 86' lang='lat' dir='ltr'><strong>injusta</strong></span> <span class='ocrx_word' id='word_1_589' title='bbox 672 4304 899 4383; x_wconf 86' lang='lat' dir='ltr'><strong>impedimenta</strong></span> <span class='ocrx_word' id='word_1_590' title='bbox 918 4322 978 4365; x_wconf 82' lang='lat' dir='ltr'><strong>re·-</strong></span> <span class='ocrx_word' id='word_1_591' title='bbox 1029 4304 1132 4381; x_wconf 84' lang='lat' dir='ltr'><strong>puscit</strong></span> <span class='ocrx_word' id='word_1_592' title='bbox 1149 4323 1284 4383; x_wconf 79' lang='lat' dir='ltr'><strong>prepara,</strong></span> <span class='ocrx_word' id='word_1_593' title='bbox 1300 4314 1328 4366; x_wconf 80' lang='lat' dir='ltr'><strong>ct</strong></span> <span class='ocrx_word' id='word_1_594' title='bbox 1343 4305 1380 4365; x_wconf 83' lang='lat' dir='ltr'><strong>ds</strong></span> <span class='ocrx_word' id='word_1_595' title='bbox 1393 4304 1471 4366; x_wconf 84' lang='lat' dir='ltr'><strong>lacte</strong></span> <span class='ocrx_word' id='word_1_596' title='bbox 1485 4304 1588 4383; x_wconf 80' lang='lat' dir='ltr'><strong>prepis</strong></span> <span class='ocrx_word' id='word_1_597' title='bbox 1604 4323 1669 4366; x_wconf 90' lang='lat' dir='ltr'><strong>uou</strong></span> <span class='ocrx_word' id='word_1_598' title='bbox 1687 4305 1815 4367; x_wconf 84' lang='lat' dir='ltr'><strong>muudu-</strong></span> 
     </span>
     <span class='ocr_line' id='line_1_52' title="bbox 188 4382 1820 4460; baseline 0.003 -19"><span class='ocrx_word' id='word_1_599' title='bbox 188 4403 328 4448; x_wconf 84' lang='lat' dir='ltr'><strong>morere.</strong></span> <span class='ocrx_word' id='word_1_600' title='bbox 1032 4382 1103 4441; x_wconf 84' lang='lat' dir='ltr'><strong>cut?</strong></span> <span class='ocrx_word' id='word_1_601' title='bbox 1118 4383 1157 4442; x_wconf 89' lang='lat' dir='ltr'><strong>Et</strong></span> <span class='ocrx_word' id='word_1_602' title='bbox 1178 4383 1249 4444; x_wconf 91' lang='lat' dir='ltr'><strong>ided</strong></span> <span class='ocrx_word' id='word_1_603' title='bbox 1270 4383 1406 4444; x_wconf 86' lang='lat' dir='ltr'><strong>vendere</strong></span> <span class='ocrx_word' id='word_1_604' title='bbox 1429 4383 1515 4459; x_wconf 93' lang='lat' dir='ltr'><strong>quod</strong></span> <span class='ocrx_word' id='word_1_605' title='bbox 1535 4382 1702 4460; x_wconf 90' lang='lat' dir='ltr'><strong>spirituale</strong></span> <span class='ocrx_word' id='word_1_606' title='bbox 1718 4390 1767 4445; x_wconf 87' lang='lat' dir='ltr'><strong>est</strong></span> <span class='ocrx_word' id='word_1_607' title='bbox 1785 4386 1820 4446; x_wconf 93' lang='lat' dir='ltr'><strong>in</strong></span> 
     </span>
     <span class='ocr_line' id='line_1_53' title="bbox 225 4458 1821 4539; baseline 0.001 -15"><span class='ocrx_word' id='word_1_608' title='bbox 225 4464 272 4524; x_wconf 79' lang='lat' dir='ltr'><strong>Ad</strong></span> <span class='ocrx_word' id='word_1_609' title='bbox 287 4467 414 4525; x_wconf 83' lang='lat' dir='ltr'><strong>sextum</strong></span> <span class='ocrx_word' id='word_1_610' title='bbox 428 4461 596 4524; x_wconf 89' lang='lat' dir='ltr'><strong>dicendum</strong></span> <span class='ocrx_word' id='word_1_611' title='bbox 611 4461 697 4538; x_wconf 91' lang='lat' dir='ltr'><strong>qudd</strong></span> <span class='ocrx_word' id='word_1_612' title='bbox 716 4460 847 4539; x_wconf 90' lang='lat' dir='ltr'><strong>qnidam</strong></span> <span class='ocrx_word' id='word_1_613' title='bbox 867 4459 977 4525; x_wconf 88' lang='lat' dir='ltr'><strong>dicunt</strong></span> <span class='ocrx_word' id='word_1_614' title='bbox 1030 4458 1212 4538; x_wconf 83' lang='lat' dir='ltr'><strong>hujusmodi</strong></span> <span class='ocrx_word' id='word_1_615' title='bbox 1237 4461 1360 4523; x_wconf 90' lang='lat' dir='ltr'><strong>actibus</strong></span> <span class='ocrx_word' id='word_1_616' title='bbox 1383 4466 1441 4521; x_wconf 92' lang='lat' dir='ltr'><strong>aut</strong></span> <span class='ocrx_word' id='word_1_617' title='bbox 1460 4478 1585 4533; x_wconf 89' lang='lat' dir='ltr'><strong>emere,</strong></span> <span class='ocrx_word' id='word_1_618' title='bbox 1608 4461 1821 4525; x_wconf 89' lang='lat' dir='ltr'><strong>simoniacum</strong></span> 
     </span>
     <span class='ocr_line' id='line_1_54' title="bbox 187 4537 1819 4621; baseline 0 -19"><span class='ocrx_word' id='word_1_619' title='bbox 187 4538 271 4621; x_wconf 82' lang='lat' dir='ltr'><strong>quoa</strong></span> <span class='ocrx_word' id='word_1_620' title='bbox 287 4558 347 4619; x_wconf 94' lang='lat' dir='ltr'><strong>pro</strong></span> <span class='ocrx_word' id='word_1_621' title='bbox 373 4541 577 4604; x_wconf 88' lang='lat' dir='ltr'><strong>matrimonio</strong></span> <span class='ocrx_word' id='word_1_622' title='bbox 599 4540 674 4601; x_wconf 92' lang='lat' dir='ltr'><strong>licet</strong></span> <span class='ocrx_word' id='word_1_623' title='bbox 695 4538 865 4617; x_wconf 86' lang='lat' dir='ltr'><strong>pecuniam</strong></span> <span class='ocrx_word' id='word_1_624' title='bbox 887 4538 974 4610; x_wconf 89' lang='lat' dir='ltr'><strong>dare,</strong></span> <span class='ocrx_word' id='word_1_625' title='bbox 1031 4543 1089 4602; x_wconf 87' lang='lat' dir='ltr'><strong>est.</strong></span> <span class='ocrx_word' id='word_1_626' title='bbox 1103 4537 1161 4597; x_wconf 90' lang='lat' dir='ltr'><strong>Sed</strong></span> <span class='ocrx_word' id='word_1_627' title='bbox 1175 4538 1320 4616; x_wconf 90' lang='lat' dir='ltr'><strong>accipere</strong></span> <span class='ocrx_word' id='word_1_628' title='bbox 1331 4542 1389 4599; x_wconf 91' lang='lat' dir='ltr'><strong>aut</strong></span> <span class='ocrx_word' id='word_1_629' title='bbox 1398 4537 1476 4600; x_wconf 89' lang='lat' dir='ltr'><strong>dare</strong></span> <span class='ocrx_word' id='word_1_630' title='bbox 1489 4539 1610 4616; x_wconf 90' lang='lat' dir='ltr'><strong>aliquid</strong></span> <span class='ocrx_word' id='word_1_631' title='bbox 1622 4558 1682 4618; x_wconf 94' lang='lat' dir='ltr'><strong>pro</strong></span> <span class='ocrx_word' id='word_1_632' title='bbox 1693 4546 1819 4603; x_wconf 91' lang='lat' dir='ltr'><strong>susten·</strong></span> 
     </span>
     <span class='ocr_line' id='line_1_55' title="bbox 185 4615 1819 4697; baseline 0.001 -16"><span class='ocrx_word' id='word_1_633' title='bbox 185 4622 262 4697; x_wconf 89' lang='lat' dir='ltr'><strong>quia</strong></span> <span class='ocrx_word' id='word_1_634' title='bbox 277 4620 310 4681; x_wconf 93' lang='lat' dir='ltr'><strong>in</strong></span> <span class='ocrx_word' id='word_1_635' title='bbox 323 4638 361 4681; x_wconf 91' lang='lat' dir='ltr'><strong>eo</strong></span> <span class='ocrx_word' id='word_1_636' title='bbox 374 4636 441 4680; x_wconf 95' lang='lat' dir='ltr'><strong>non</strong></span> <span class='ocrx_word' id='word_1_637' title='bbox 455 4618 618 4679; x_wconf 85' lang='lat' dir='ltr'><strong>conlertur</strong></span> <span class='ocrx_word' id='word_1_638' title='bbox 634 4618 748 4697; x_wconf 89' lang='lat' dir='ltr'><strong>gratia.</strong></span> <span class='ocrx_word' id='word_1_639' title='bbox 765 4616 823 4678; x_wconf 87' lang='lat' dir='ltr'><strong>Sed</strong></span> <span class='ocrx_word' id='word_1_640' title='bbox 836 4617 898 4677; x_wconf 90' lang='lat' dir='ltr'><strong>hoo</strong></span> <span class='ocrx_word' id='word_1_641' title='bbox 910 4633 975 4677; x_wconf 93' lang='lat' dir='ltr'><strong>non</strong></span> <span class='ocrx_word' id='word_1_642' title='bbox 1030 4615 1150 4676; x_wconf 86' lang='lat' dir='ltr'><strong>tatione</strong></span> <span class='ocrx_word' id='word_1_643' title='bbox 1167 4616 1419 4677; x_wconf 90' lang='lat' dir='ltr'><strong>ministrantium</strong></span> <span class='ocrx_word' id='word_1_644' title='bbox 1432 4618 1630 4694; x_wconf 89' lang='lat' dir='ltr'><strong>spiritualia,</strong></span> <span class='ocrx_word' id='word_1_645' title='bbox 1643 4616 1819 4682; x_wconf 77' lang='lat' dir='ltr'><strong>secundum</strong></span> 
     </span>
     <span class='ocr_line' id='line_1_56' title="bbox 185 4693 1820 4777; baseline 0 -18"><span class='ocrx_word' id='word_1_646' title='bbox 185 4703 234 4759; x_wconf 88' lang='lat' dir='ltr'><strong>est</strong></span> <span class='ocrx_word' id='word_1_647' title='bbox 247 4695 483 4776; x_wconf 77' lang='lat' dir='ltr'><strong>usquequaque</strong></span> <span class='ocrx_word' id='word_1_648' title='bbox 505 4714 640 4769; x_wconf 88' lang='lat' dir='ltr'><strong>verum„</strong></span> <span class='ocrx_word' id='word_1_649' title='bbox 653 4702 689 4757; x_wconf 93' lang='lat' dir='ltr'><strong>ut</strong></span> <span class='ocrx_word' id='word_1_650' title='bbox 712 4696 746 4755; x_wconf 93' lang='lat' dir='ltr'><strong>in</strong></span> <span class='ocrx_word' id='word_1_651' title='bbox 770 4694 862 4757; x_wconf 81' lang='lat' dir='ltr'><strong>tertii</strong></span> <span class='ocrx_word' id='word_1_652' title='bbox 885 4698 976 4771; x_wconf 90' lang='lat' dir='ltr'><strong>parte</strong></span> <span class='ocrx_word' id='word_1_653' title='bbox 1029 4693 1263 4755; x_wconf 89' lang='lat' dir='ltr'><strong>ordinationem</strong></span> <span class='ocrx_word' id='word_1_654' title='bbox 1276 4695 1426 4757; x_wconf 77' lang='lat' dir='ltr'><strong>Ecclesiae</strong></span> <span class='ocrx_word' id='word_1_655' title='bbox 1439 4700 1470 4767; x_wconf 89' lang='lat' dir='ltr'><strong>et</strong></span> <span class='ocrx_word' id='word_1_656' title='bbox 1482 4695 1744 4758; x_wconf 88' lang='lat' dir='ltr'><strong>consuetudinem</strong></span> <span class='ocrx_word' id='word_1_657' title='bbox 1758 4716 1820 4777; x_wconf 93' lang='lat' dir='ltr'><strong>ap-</strong></span> 
     </span>
     <span class='ocr_line' id='line_1_57' title="bbox 185 4772 1820 4854; baseline 0.002 -17"><span class='ocrx_word' id='word_1_658' title='bbox 185 4778 280 4837; x_wconf 92' lang='lat' dir='ltr'><strong>bu&#39;us</strong></span> <span class='ocrx_word' id='word_1_659' title='bbox 309 4776 414 4854; x_wconf 90' lang='lat' dir='ltr'><strong>operis</strong></span> <span class='ocrx_word' id='word_1_660' title='bbox 433 4776 566 4835; x_wconf 89' lang='lat' dir='ltr'><strong>dicetur.</strong></span> <span class='ocrx_word' id='word_1_661' title='bbox 588 4775 713 4847; x_wconf 84' lang='lat' dir='ltr'><strong>(Quam</strong></span> <span class='ocrx_word' id='word_1_662' title='bbox 738 4791 803 4834; x_wconf 94' lang='lat' dir='ltr'><strong>non</strong></span> <span class='ocrx_word' id='word_1_663' title='bbox 823 4772 973 4835; x_wconf 89' lang='lat' dir='ltr'><strong>absolvit.</strong></span> <span class='ocrx_word' id='word_1_664' title='bbox 1028 4773 1213 4849; x_wconf 90' lang='lat' dir='ltr'><strong>probatam,</strong></span> <span class='ocrx_word' id='word_1_665' title='bbox 1231 4773 1353 4835; x_wconf 90' lang='lat' dir='ltr'><strong>licitum</strong></span> <span class='ocrx_word' id='word_1_666' title='bbox 1372 4777 1436 4846; x_wconf 89' lang='lat' dir='ltr'><strong>est;</strong></span> <span class='ocrx_word' id='word_1_667' title='bbox 1452 4775 1497 4836; x_wconf 91' lang='lat' dir='ltr'><strong>ita</strong></span> <span class='ocrx_word' id='word_1_668' title='bbox 1510 4778 1619 4838; x_wconf 88' lang='lat' dir='ltr'><strong>tamen</strong></span> <span class='ocrx_word' id='word_1_669' title='bbox 1636 4774 1720 4853; x_wconf 90' lang='lat' dir='ltr'><strong>qudd</strong></span> <span class='ocrx_word' id='word_1_670' title='bbox 1738 4775 1820 4840; x_wconf 89' lang='lat' dir='ltr'><strong>desit</strong></span> 
     </span>
     <span class='ocr_line' id='line_1_58' title="bbox 184 4797 1819 4942; baseline 0.001 -27"><span class='ocrx_word' id='word_1_671' title='bbox 184 4797 263 4916; x_wconf 64' lang='lat' dir='ltr'><strong>vtio</strong></span> <span class='ocrx_word' id='word_1_672' title='bbox 278 4855 440 4934; x_wconf 85' lang='lat' dir='ltr'><strong>supplem.</strong></span> <span class='ocrx_word' id='word_1_673' title='bbox 455 4857 568 4933; x_wconf 81' lang='lat' dir='ltr'><strong>quest.</strong></span> <span class='ocrx_word' id='word_1_674' title='bbox 581 4849 631 4925; x_wconf 74' lang='lat' dir='ltr'><strong>ta,</strong></span> <span class='ocrx_word' id='word_1_675' title='bbox 640 4856 702 4913; x_wconf 90' lang='lat' dir='ltr'><strong>art.</strong></span> <span class='ocrx_word' id='word_1_676' title='bbox 712 4850 757 4930; x_wconf 89' lang='grc'><strong>3.)</strong></span> <span class='ocrx_word' id='word_1_677' title='bbox 1029 4850 1164 4942; x_wconf 80' lang='lat' dir='ltr'><strong>intentio</strong></span> <span class='ocrx_word' id='word_1_678' title='bbox 1176 4852 1346 4928; x_wconf 88' lang='lat' dir='ltr'><strong>emptionis</strong></span> <span class='ocrx_word' id='word_1_679' title='bbox 1356 4853 1407 4913; x_wconf 78' lang='lat' dir='ltr'><strong>rel</strong></span> <span class='ocrx_word' id='word_1_680' title='bbox 1420 4851 1622 4926; x_wconf 89' lang='lat' dir='ltr'><strong>venditionis,</strong></span> <span class='ocrx_word' id='word_1_681' title='bbox 1635 4858 1667 4915; x_wconf 91' lang='lat' dir='ltr'><strong>ct</strong></span> <span class='ocrx_word' id='word_1_682' title='bbox 1677 4854 1763 4931; x_wconf 83' lang='lat' dir='ltr'><strong>qudd</strong></span> <span class='ocrx_word' id='word_1_683' title='bbox 1776 4858 1819 4919; x_wconf 89' lang='lat' dir='ltr'><strong>ab</strong></span> 
     </span>
     <span class='ocr_line' id='line_1_59' title="bbox 223 4926 1820 5009; baseline 0.001 -16"><span class='ocrx_word' id='word_1_684' title='bbox 223 4934 263 4993; x_wconf 84' lang='lat' dir='ltr'><strong>Et</strong></span> <span class='ocrx_word' id='word_1_685' title='bbox 278 4932 350 4995; x_wconf 89' lang='lat' dir='ltr'><strong>ided</strong></span> <span class='ocrx_word' id='word_1_686' title='bbox 375 4934 470 4997; x_wconf 90' lang='lat' dir='ltr'><strong>aliter</strong></span> <span class='ocrx_word' id='word_1_687' title='bbox 492 4929 661 4993; x_wconf 88' lang='lat' dir='ltr'><strong>dicendum</strong></span> <span class='ocrx_word' id='word_1_688' title='bbox 685 4926 840 5006; x_wconf 83' lang='lat' dir='ltr'><strong>estquod</strong></span> <span class='ocrx_word' id='word_1_689' title='bbox 860 4928 976 4989; x_wconf 89' lang='lat' dir='ltr'><strong>matri·</strong></span> <span class='ocrx_word' id='word_1_690' title='bbox 1028 4929 1137 4989; x_wconf 88' lang='lat' dir='ltr'><strong>rnvitvs</strong></span> <span class='ocrx_word' id='word_1_691' title='bbox 1159 4946 1224 4989; x_wconf 89' lang='lat' dir='ltr'><strong>non</strong></span> <span class='ocrx_word' id='word_1_692' title='bbox 1246 4930 1395 5008; x_wconf 81' lang='lat' dir='ltr'><strong>exigatur</strong></span> <span class='ocrx_word' id='word_1_693' title='bbox 1420 4949 1478 5008; x_wconf 91' lang='lat' dir='ltr'><strong>per</strong></span> <span class='ocrx_word' id='word_1_694' title='bbox 1499 4932 1716 5009; x_wconf 87' lang='lat' dir='ltr'><strong>spiritualium</strong></span> <span class='ocrx_word' id='word_1_695' title='bbox 1737 4937 1820 4997; x_wconf 89' lang='lat' dir='ltr'><strong>sub-</strong></span> 
     </span>
     <span class='ocr_line' id='line_1_60' title="bbox 184 5007 1818 5085; baseline 0.004 -16"><span class='ocrx_word' id='word_1_696' title='bbox 184 5012 327 5073; x_wconf 91' lang='lat' dir='ltr'><strong>moninm</strong></span> <span class='ocrx_word' id='word_1_697' title='bbox 345 5028 410 5073; x_wconf 92' lang='lat' dir='ltr'><strong>non</strong></span> <span class='ocrx_word' id='word_1_698' title='bbox 424 5007 529 5072; x_wconf 88' lang='lat' dir='ltr'><strong>soldm</strong></span> <span class='ocrx_word' id='word_1_699' title='bbox 550 5012 600 5069; x_wconf 87' lang='lat' dir='ltr'><strong>est</strong></span> <span class='ocrx_word' id='word_1_700' title='bbox 614 5007 765 5069; x_wconf 75' lang='lat' dir='ltr'><strong>Ecclesia</strong></span> <span class='ocrx_word' id='word_1_701' title='bbox 785 5022 974 5068; x_wconf 87' lang='lat' dir='ltr'><strong>sacramen·</strong></span> <span class='ocrx_word' id='word_1_702' title='bbox 1029 5007 1236 5079; x_wconf 91' lang='lat' dir='ltr'><strong>tractionem,</strong></span> <span class='ocrx_word' id='word_1_703' title='bbox 1254 5026 1327 5085; x_wconf 79' lang='lat' dir='ltr'><strong>quae</strong></span> <span class='ocrx_word' id='word_1_704' title='bbox 1343 5013 1419 5070; x_wconf 86' lang='lat' dir='ltr'><strong>sunt</strong></span> <span class='ocrx_word' id='word_1_705' title='bbox 1435 5009 1632 5084; x_wconf 78' lang='lat' dir='ltr'><strong>exbibenda3</strong></span> <span class='ocrx_word' id='word_1_706' title='bbox 1653 5011 1715 5074; x_wconf 86' lang='lat' dir='ltr'><strong>boc</strong></span> <span class='ocrx_word' id='word_1_707' title='bbox 1730 5014 1818 5075; x_wconf 84' lang='lat' dir='ltr'><strong>enim</strong></span> 
     </span>
     <span class='ocr_line' id='line_1_61' title="bbox 185 5082 1716 5180; baseline 0.002 -33"><span class='ocrx_word' id='word_1_708' title='bbox 185 5093 262 5161; x_wconf 86' lang='lat' dir='ltr'><strong>turn,</strong></span> <span class='ocrx_word' id='word_1_709' title='bbox 275 5088 438 5151; x_wconf 86' lang='lat' dir='ltr'><strong>sedetiam</strong></span> <span class='ocrx_word' id='word_1_710' title='bbox 457 5092 581 5150; x_wconf 79' lang='lat' dir='ltr'><strong>naturas</strong></span> <span class='ocrx_word' id='word_1_711' title='bbox 597 5085 748 5145; x_wconf 87' lang='lat' dir='ltr'><strong>officium.</strong></span> <span class='ocrx_word' id='word_1_712' title='bbox 762 5084 802 5143; x_wconf 89' lang='lat' dir='ltr'><strong>Et</strong></span> <span class='ocrx_word' id='word_1_713' title='bbox 813 5082 884 5143; x_wconf 89' lang='lat' dir='ltr'><strong>ided</strong></span> <span class='ocrx_word' id='word_1_714' title='bbox 898 5082 974 5145; x_wconf 89' lang='lat' dir='ltr'><strong>dare</strong></span> <span class='ocrx_word' id='word_1_715' title='bbox 1028 5085 1160 5146; x_wconf 83' lang='lat' dir='ltr'><strong>baberet</strong></span> <span class='ocrx_word' id='word_1_716' title='bbox 1174 5088 1346 5161; x_wconf 85' lang='lat' dir='ltr'><strong>quamdam</strong></span> <span class='ocrx_word' id='word_1_717' title='bbox 1359 5088 1550 5149; x_wconf 89' lang='lat' dir='ltr'><strong>venditionis</strong></span> <span class='ocrx_word' id='word_1_718' title='bbox 1567 5090 1716 5180; x_wconf 88' lang='lat' dir='ltr'><strong>speciem.</strong></span> 
     </span>
     <span class='ocr_line' id='line_1_62' title="bbox 184 5163 1816 5318; baseline 0.001 -15"><span class='ocrx_word' id='word_1_719' title='bbox 184 5163 727 5306; x_wconf 64' lang='lat' dir='ltr'><strong>tittldtaaitiatial</strong></span> <span class='ocrx_word' id='word_1_720' title='bbox 751 5164 975 5315; x_wconf 64' lang='lat' dir='ltr'><strong>liliati</strong></span> <span class='ocrx_word' id='word_1_721' title='bbox 1028 5163 1816 5318; x_wconf 56' lang='lat' dir='ltr'><strong>1rtatistaistttitdtbttdtattat}·</strong></span> 
     </span>
     <span class='ocr_line' id='line_1_63' title="bbox 183 5280 1817 5400; baseline 0.002 -21"><span class='ocrx_word' id='word_1_722' title='bbox 183 5321 259 5382; x_wconf 89' lang='lat' dir='ltr'><strong>vord</strong></span> <span class='ocrx_word' id='word_1_723' title='bbox 272 5284 739 5388; x_wconf 72' lang='lat' dir='ltr'><strong>estssmteste&#39;cocramentum,</strong></span> <span class='ocrx_word' id='word_1_724' title='bbox 754 5320 803 5379; x_wconf 88' lang='lat' dir='ltr'><strong>est</strong></span> <span class='ocrx_word' id='word_1_725' title='bbox 815 5316 971 5378; x_wconf 90' lang='lat' dir='ltr'><strong>illicitum.</strong></span> <span class='ocrx_word' id='word_1_726' title='bbox 1027 5323 1059 5379; x_wconf 94' lang='lat' dir='ltr'><strong>et</strong></span> <span class='ocrx_word' id='word_1_727' title='bbox 1070 5322 1265 5397; x_wconf 86' lang='lat' dir='ltr'><strong>quicumque</strong></span> <span class='ocrx_word' id='word_1_728' title='bbox 1279 5322 1333 5385; x_wconf 88' lang='lat' dir='ltr'><strong>alii</strong></span> <span class='ocrx_word' id='word_1_729' title='bbox 1351 5330 1525 5399; x_wconf 90' lang='lat' dir='ltr'><strong>proventus</strong></span> <span class='ocrx_word' id='word_1_730' title='bbox 1540 5322 1625 5400; x_wconf 81' lang='lat' dir='ltr'><strong>exigi</strong></span> <span class='ocrx_word' id='word_1_731' title='bbox 1638 5319 1659 5384; x_wconf 81' lang='lat' dir='ltr'><strong>d</strong></span> <span class='ocrx_word' id='word_1_732' title='bbox 1674 5280 1817 5383; x_wconf 53' lang='lat' dir='ltr'><strong>galanti-⁹</strong></span> 
     </span>
     <span class='ocr_line' id='line_1_64' title="bbox 184 5393 1810 5479; baseline 0.002 -21"><span class='ocrx_word' id='word_1_733' title='bbox 184 5399 221 5458; x_wconf 76' lang='lat' dir='ltr'><strong>at</strong></span> <span class='ocrx_word' id='word_1_734' title='bbox 237 5398 307 5460; x_wconf 80' lang='lat' dir='ltr'><strong>idad</strong></span> <span class='ocrx_word' id='word_1_735' title='bbox 328 5397 503 5460; x_wconf 80' lang='lat' dir='ltr'><strong>seeundum</strong></span> <span class='ocrx_word' id='word_1_736' title='bbox 512 5398 587 5478; x_wconf 73' lang='lat' dir='ltr'><strong>iura</strong></span> <span class='ocrx_word' id='word_1_737' title='bbox 605 5398 615 5478; x_wconf 91' lang='lat'>(</span> <span class='ocrx_word' id='word_1_738' title='bbox 630 5413 701 5475; x_wconf 88' lang='lat' dir='ltr'><strong>cap.</strong></span> <span class='ocrx_word' id='word_1_739' title='bbox 718 5394 797 5457; x_wconf 79' lang='lat' dir='ltr'><strong>Grim</strong></span> <span class='ocrx_word' id='word_1_740' title='bbox 815 5395 850 5455; x_wconf 86' lang='lat' dir='ltr'><strong>iu</strong></span> <span class='ocrx_word' id='word_1_741' title='bbox 862 5393 974 5455; x_wconf 84' lang='lat' dir='ltr'><strong>Ecclc-</strong></span> <span class='ocrx_word' id='word_1_742' title='bbox 1027 5397 1088 5457; x_wconf 91' lang='lat' dir='ltr'><strong>bus</strong></span> <span class='ocrx_word' id='word_1_743' title='bbox 1105 5401 1138 5457; x_wconf 91' lang='lat' dir='ltr'><strong>et</strong></span> <span class='ocrx_word' id='word_1_744' title='bbox 1153 5399 1333 5462; x_wconf 90' lang='lat' dir='ltr'><strong>valentibus</strong></span> <span class='ocrx_word' id='word_1_745' title='bbox 1352 5402 1497 5473; x_wconf 82' lang='lat' dir='ltr'><strong>solvere,</strong></span> <span class='ocrx_word' id='word_1_746' title='bbox 1512 5400 1703 5462; x_wconf 89' lang='lat' dir='ltr'><strong>anctoritate</strong></span> <span class='ocrx_word' id='word_1_747' title='bbox 1715 5417 1810 5479; x_wconf 86' lang='lat' dir='ltr'><strong>supe·</strong></span> 
     </span>
     <span class='ocr_line' id='line_1_65' title="bbox 183 5472 1378 5557; baseline 0.002 -22"><span class='ocrx_word' id='word_1_748' title='bbox 183 5478 241 5542; x_wconf 84' lang='lat' dir='ltr'><strong>rid.</strong></span> <span class='ocrx_word' id='word_1_749' title='bbox 258 5476 298 5545; x_wconf 83' lang='lat' dir='ltr'><strong>de</strong></span> <span class='ocrx_word' id='word_1_750' title='bbox 315 5475 457 5539; x_wconf 67' lang='lat' dir='ltr'><strong>Simonis</strong></span> <span class='ocrx_word' id='word_1_751' title='bbox 471 5476 481 5557; x_wconf 92' lang='lat'>)</span> <span class='ocrx_word' id='word_1_752' title='bbox 497 5476 685 5555; x_wconf 87' lang='lat' dir='ltr'><strong>prohibetur</strong></span> <span class='ocrx_word' id='word_1_753' title='bbox 706 5491 746 5535; x_wconf 86' lang='lat' dir='ltr'><strong>ne</strong></span> <span class='ocrx_word' id='word_1_754' title='bbox 766 5489 826 5552; x_wconf 89' lang='lat' dir='ltr'><strong>pro</strong></span> <span class='ocrx_word' id='word_1_755' title='bbox 842 5472 974 5535; x_wconf 87' lang='lat' dir='ltr'><strong>benedi·</strong></span> <span class='ocrx_word' id='word_1_756' title='bbox 1026 5474 1120 5536; x_wconf 91' lang='lat' dir='ltr'><strong>rioris</strong></span> <span class='ocrx_word' id='word_1_757' title='bbox 1136 5476 1378 5540; x_wconf 88' lang='lat' dir='ltr'><strong>interveniente.</strong></span> 
     </span>
     <span class='ocr_line' id='line_1_66' title="bbox 184 5551 1815 5635; baseline 0.004 -23"><span class='ocrx_word' id='word_1_758' title='bbox 184 5554 288 5617; x_wconf 83' lang='lat' dir='ltr'><strong>ctione</strong></span> <span class='ocrx_word' id='word_1_759' title='bbox 303 5554 490 5631; x_wconf 84' lang='lat' dir='ltr'><strong>nuptiarum</strong></span> <span class='ocrx_word' id='word_1_760' title='bbox 505 5555 548 5617; x_wconf 89' lang='lat' dir='ltr'><strong>ali</strong></span> <span class='ocrx_word' id='word_1_761' title='bbox 571 5551 628 5614; x_wconf 93' lang='lat' dir='ltr'><strong>nid</strong></span> <span class='ocrx_word' id='word_1_762' title='bbox 637 5552 797 5631; x_wconf 82' lang='lat' dir='ltr'><strong>exigatur.</strong></span> <span class='ocrx_word' id='word_1_763' title='bbox 1045 5553 1113 5612; x_wconf 79' lang='lat' dir='ltr'><strong>-Ad</strong></span> <span class='ocrx_word' id='word_1_764' title='bbox 1139 5553 1278 5631; x_wconf 91' lang='lat' dir='ltr'><strong>primum</strong></span> <span class='ocrx_word' id='word_1_765' title='bbox 1306 5572 1383 5634; x_wconf 89' lang='lat' dir='ltr'><strong>ergo</strong></span> <span class='ocrx_word' id='word_1_766' title='bbox 1407 5554 1574 5616; x_wconf 86' lang='lat' dir='ltr'><strong>dicendum</strong></span> <span class='ocrx_word' id='word_1_767' title='bbox 1600 5556 1705 5635; x_wconf 84' lang='lat' dir='ltr'><strong>quod,</strong></span> <span class='ocrx_word' id='word_1_768' title='bbox 1731 5558 1815 5619; x_wconf 88' lang='lat' dir='ltr'><strong>sicut</strong></span> 
     </span>
     <span class='ocr_line' id='line_1_67' title="bbox 185 5628 1811 5714; baseline 0.002 -23"><span class='ocrx_word' id='word_1_769' title='bbox 185 5636 363 5701; x_wconf 76' lang='lat' dir='ltr'><strong>dnrrcunus</strong></span> <span class='ocrx_word' id='word_1_770' title='bbox 376 5648 424 5692; x_wconf 92' lang='grc' dir='ltr'>ιιι.</span> <span class='ocrx_word' id='word_1_771' title='bbox 438 5666 477 5677; x_wconf 94' lang='lat'>-</span> <span class='ocrx_word' id='word_1_772' title='bbox 488 5632 600 5693; x_wconf 81' lang='lat' dir='ltr'><strong>Utrum</strong></span> <span class='ocrx_word' id='word_1_773' title='bbox 609 5630 701 5693; x_wconf 84' lang='lat' dir='ltr'><strong>liccat</strong></span> <span class='ocrx_word' id='word_1_774' title='bbox 711 5630 785 5691; x_wconf 80' lang='lat' dir='ltr'><strong>dore</strong></span> <span class='ocrx_word' id='word_1_775' title='bbox 796 5636 824 5689; x_wconf 84' lang='lat' dir='ltr'><strong>et</strong></span> <span class='ocrx_word' id='word_1_776' title='bbox 835 5628 973 5707; x_wconf 83' lang='lat' dir='ltr'><strong>accipere</strong></span> <span class='ocrx_word' id='word_1_777' title='bbox 1026 5630 1240 5711; x_wconf 82' lang='lat' dir='ltr'><strong>Hieronymus</strong></span> <span class='ocrx_word' id='word_1_778' title='bbox 1253 5633 1328 5693; x_wconf 93' lang='lat' dir='ltr'><strong>dicit</strong></span> <span class='ocrx_word' id='word_1_779' title='bbox 1341 5650 1439 5710; x_wconf 87' lang='lat' dir='ltr'><strong>super</strong></span> <span class='ocrx_word' id='word_1_780' title='bbox 1450 5633 1627 5706; x_wconf 73' lang='lat' dir='ltr'><strong>llicbseam,</strong></span> <span class='ocrx_word' id='word_1_781' title='bbox 1643 5642 1718 5714; x_wconf 91' lang='lat' dir='ltr'><strong>post</strong></span> <span class='ocrx_word' id='word_1_782' title='bbox 1729 5634 1811 5696; x_wconf 88' lang='lat' dir='ltr'><strong>med.</strong></span> 
     </span>
     <span class='ocr_line' id='line_1_68' title="bbox 222 5705 1813 5795; baseline 0.005 -24"><span class='ocrx_word' id='word_1_783' title='bbox 222 5726 386 5781; x_wconf 75' lang='lat' dir='ltr'><strong>prussiam</strong></span> <span class='ocrx_word' id='word_1_784' title='bbox 402 5726 464 5789; x_wconf 87' lang='lat' dir='ltr'><strong>pro</strong></span> <span class='ocrx_word' id='word_1_785' title='bbox 486 5706 705 5789; x_wconf 78' lang='lat' dir='ltr'><strong>spiritualibus</strong></span> <span class='ocrx_word' id='word_1_786' title='bbox 719 5707 849 5775; x_wconf 82' lang='lat' dir='ltr'><strong>actibus.</strong></span> <span class='ocrx_word' id='word_1_787' title='bbox 867 5740 905 5753; x_wconf 90' lang='lat'><em>-</em></span> <span class='ocrx_word' id='word_1_788' title='bbox 924 5705 970 5787; x_wconf 82' lang='lat' dir='ltr'><strong>(i,</strong></span> <span class='ocrx_word' id='word_1_789' title='bbox 1025 5714 1196 5773; x_wconf 84' lang='lat' dir='ltr'><strong>comment.</strong></span> <span class='ocrx_word' id='word_1_790' title='bbox 1212 5710 1250 5772; x_wconf 90' lang='lat' dir='ltr'><strong>ad</strong></span> <span class='ocrx_word' id='word_1_791' title='bbox 1266 5727 1337 5789; x_wconf 88' lang='lat' dir='ltr'><strong>cap.</strong></span> <span class='ocrx_word' id='word_1_792' title='bbox 1350 5710 1382 5787; x_wconf 81' lang='grc'><strong>3,</strong></span> <span class='ocrx_word' id='word_1_793' title='bbox 1394 5728 1530 5775; x_wconf 83' lang='lat' dir='ltr'><strong>munera</strong></span> <span class='ocrx_word' id='word_1_794' title='bbox 1542 5713 1687 5791; x_wconf 76' lang='lat' dir='ltr'><strong>quedam</strong></span> <span class='ocrx_word' id='word_1_795' title='bbox 1699 5714 1813 5795; x_wconf 77' lang='lat' dir='ltr'><strong>sporta</strong></span> 
     </span>
    </p>
   </div>
   <div class='ocr_carea' id='block_1_5' title="bbox 0 0 2038 6171">
    <p class='ocr_par' dir='ltr' id='par_1_5' title="bbox 0 0 2038 6171">
     <span class='ocr_line' id='line_1_69' title="bbox 0 0 2038 6171; baseline 0 0"><span class='ocrx_word' id='word_1_796' title='bbox 0 0 2038 6171; x_wconf 95' lang='lat' dir='ltr'><strong> </strong></span> 
     </span>
    </p>
   </div>
  </div>
 </body>
</html>
