4067 6175
216 286 264 342 'tat
587 277 719 348 Quasi.
739 275 793 334 Cll.
814 277 857 333 aa
876 274 1113 334 absentatum
1134 275 1178 334 ΕΤ
1196 275 1365 335 beaviens
1384 277 1474 335 EIUS.
1799 283 1849 339 73²,

214 399 356 464 amnibus
371 397 492 467 debita,
511 397 562 462 cai
582 396 751 463 tributam,
766 393 927 464 tributum,
942 398 1001 454 etc.
1060 397 1122 451 tem
1137 391 1321 471 adjunctam
1343 392 1403 454 hoe
1426 391 1580 471 pertinet,
1606 411 1670 455 non
1687 398 1793 456 autem
1808 397 1849 458 aa

212 481 259 544 Ea
273 478 350 542 verb
364 478 403 541 ad
418 494 491 556 qum
504 495 561 556 per
573 479 675 556 legem
688 475 920 552 compellimur,
932 491 1006 552 per·
1054 469 1214 549 justitiam
1225 471 1414 548 specialem,
1432 485 1505 610 <guae
1517 476 1566 531 est
1577 473 1762 552 principalis
1779 476 1850 534 vir-

213 562 317 620 tinent
330 557 541 638 adjustitiam
556 555 703 635 legalem,
716 571 773 616 seu
788 553 883 615 etiam
899 553 937 614 ad
948 551 1006 630 ju·
1057 557 1120 610 tus.
1136 549 1264 611 Iustitia
1279 549 1355 612 verb
1370 550 1442 628 lega
1457 550 1483 610 is
1495 567 1529 611 se
1546 551 1688 612 extendit
1703 553 1741 612 ad
1756 560 1848 615 actus

212 639 334 701 stillam
350 635 531 715 specialem.
550 635 635 714 Ergo
656 633 861 694 observantia
877 649 940 691 non
957 635 1005 692 est
1057 628 1422 702 omniumvirtutum,ut
1430 628 1655 708 supradictum
1663 635 1723 703 est,
1732 639 1845 709 quest.

212 736 271 798 per
284 735 318 778 se
331 714 479 795 specialis
494 713 596 774 virtus
614 715 655 774 ab
669 711 740 773 aliis
756 711 915 786 distincta.
1056 705 1106 780 58,
1122 713 1183 769 art.
1199 705 1231 766 6.

253 795 313 858 Sed
328 803 440 857 eontra
452 791 598 870 estquod
615 789 752 863 Tullius,
769 792 830 850 loc.
849 807 920 867 sup.
936 790 1002 860 cit,
1059 823 1464 893 surrectum-uentos
1479 824 1848 909 adobmwmimer-

214 873 387 940 condividit
406 870 644 934 observantiam
660 869 732 931 aliis
752 869 882 948 justitiae
897 869 1030 944 parti-.
1096 906 1194 966 “mg
1214 903 1355 967 amm
1375 905 1493 968 mmm
1512 913 1540 966 et
1559 904 1708 968 morem
1726 907 1775 970 Μ’
1795 909 1849 990 qm.

214 949 838 1110 ”aematcantitata...
855 1044 896 1088 ..
1095 984 1215 1046 ....
1229 982 1382 1062 ...a

216 1131 272 1190 qu.
288 1127 395 1190 preca,
416 1114 475 1170 art.
498 1108 513 1168 1
528 1112 558 1167 et
576 1107 606 1178 3,
622 1115 654 1168 et
669 1123 725 1184 qu.
744 1105 795 1176 80,
811 1122 941 1165 neccsse
957 1111 1005 1166 est
1097 1103 1848 1188 Adsecundumsieproceditur.l.Videturqudd

216 1197 304 1252 uteo
319 1187 412 1249 modo
427 1203 483 1265 per
496 1185 667 1266 quemdam
679 1185 861 1246 ordinatum
873 1183 1005 1246 descen·
1057 1183 1095 1242 ad
1111 1185 1351 1246 observantiam
1366 1202 1431 1244 non
1444 1186 1603 1264 pertineat
1614 1187 1767 1249 exhibere
1780 1190 1849 1249 cul·

214 1287 288 1332 sum
302 1267 540 1345 distinguantur
554 1264 700 1334 virtutes,
717 1264 798 1324 sicul
813 1261 1005 1326 excellentia
1056 1268 1125 1324 tum
1149 1268 1181 1324 et
1207 1263 1363 1324 honorem
1389 1264 1438 1324 his
1463 1264 1518 1342 qui
1543 1265 1673 1326 suntin
1696 1266 1850 1348 dignitato

238 1362 429 1410 arsenarum
448 1345 567 1423 quibus
592 1347 641 1405 ost
661 1341 783 1421 aliquid
797 1340 1002 1404 reddendum.
1057 1343 1330 1421 constituti,quia,
1348 1347 1384 1403 ut
1401 1344 1601 1423 Augustinus
1616 1344 1692 1405 dicit
1707 1346 1740 1406 in
1756 1345 1795 1406 10
1808 1348 1848 1408 do

214 1365 304 1488 §icat
314 1428 420 1486 autem
430 1422 569 1485 carnalis
582 1427 675 1502 pater
684 1420 922 1500 particulariter
953 1437 1005 1482 ar·
1056 1420 1149 1481 Civit.
1160 1421 1229 1493 Dei,
1241 1421 1846 1499 eap.1‚inmcd.,coleredicimurillas

215 1505 328 1584 ticipat
340 1501 497 1564 rationem
511 1499 672 1580 principii,
687 1517 760 1579 quae
778 1439 1005 1562 universaliter
1056 1518 1212 1578 personas
1227 1517 1308 1578 qaas
1323 1501 1367 1561 in¹
1377 1501 1517 1578 quodam
1531 1501 1655 1563 honore
1667 1503 1847 1566 babemus:

213 1584 380 1646 insanitur
404 1581 438 1640 in
462 1580 548 1652 Deo,
575 1579 619 1641 ita
644 1579 740 1641 eliam
766 1594 906 1672 persona
932 1595 1005 1657 quat
1055 1587 1087 1640 et
1101 1580 1148 1640 sic
1169 1580 1251 1640 idem
1266 1598 1338 1642 esse
1352 1580 1477 1640 videtur
1495 1581 1600 1642 cultus
1614 1580 1771 1643 ethonor.
1790 1583 1848 1645 ln-

215 1659 373 1743 quantdm
393 1659 432 1720 ad
452 1658 574 1751 aliquid
596 1657 831 1737 providentiam
845 1658 930 1720 circa
945 1675 1003 1719 nos
1056 1659 1285 1720 convenienter
1296 1676 1374 1738 ergo
1388 1658 1619 1721 determinatur
1633 1659 1719 1737 qudd
1733 1663 1849 1722 obsor-

215 1741 313 1822 gerit,
328 1738 566 1819 particulariter
586 1737 755 1830 participat
776 1735 1003 1814 proprietatem
1056 1737 1165 1798 vantia
1179 1737 1310 1799 exhibet
1320 1738 1354 1798 in
1364 1737 1516 1816 dignitate
1530 1739 1711 1800 constitutis
1725 1741 1847 1802 cultum

216 1821 336 1898 patris,
354 1819 432 1896 quia
446 1820 537 1897 pater
551 1819 600 1878 est
612 1815 806 1895 principium
818 1820 850 1876 et
862 1831 1004 1894 genera·
1056 1821 1088 1875 et
1105 1814 1272 1876 honorem.

217 1898 329 1970 tionis,
343 1902 374 1959 et
391 1894 608 1968 educationis,
627 1899 659 1956 et
674 1894 866 1974 disciplinae,
882 1898 914 1954 et
928 1909 1004 1954 om-
1094 1893 1125 1952 2.
1144 1895 1317 1967 Praeterea,
1337 1895 1378 1956 ad
1394 1895 1550 1974 justitiam
1565 1896 1703 1974 pertinet
1716 1895 1848 1960 reddero

215 1979 304 2038 nium
314 1993 387 2056 qua
396 1976 436 2039 ad
449 1973 676 2054 perlectionem
688 1974 839 2036 humanat
848 1973 920 2034 vitm
932 1991 1004 2050 per·
1056 1971 1198 2034 debitum
1211 1993 1218 2032 ε
1230 1974 1315 2034 unde
1330 1981 1362 2034 et
1375 1975 1416 2036 ad
1429 1975 1679 2049 observantiam,
1696 1993 1769 2054 quae
1784 1995 1849 2055 po-

215 2057 334 2126 tinent;
347 2071 485 2133 persona
498 2061 605 2115 autem
619 2053 653 2114 in
666 2052 819 2132 dignitate
830 2051 1004 2114 constituta
1057 2052 1145 2113 nitur
1156 2051 1289 2131 justitiae
1308 2070 1405 2130 pars,
1428 2056 1577 2131 pertinet.
1600 2053 1660 2116 Sed
1681 2056 1803 2116 cultum
1816 2062 1848 2117 et

214 2139 262 2197 est
277 2135 359 2196 sieut
376 2132 567 2212 principium
591 2129 833 2210 gubernationis
856 2134 1003 2208 respectu
1022 2146 1027 2153 ·
1057 2131 1213 2194 bonorem
1227 2148 1292 2192 non
1309 2132 1462 2192 debemus
1478 2132 1627 2193 omnibus
1641 2133 1674 2193 in
1691 2133 1846 2213 dignitato

214 2214 397 2292 aliquarum
426 2229 552 2282 rerum;
582 2211 665 2271 sicut
696 2211 842 2288 princeps
866 2209 1003 2269 civitatis
1057 2209 1256 2282 constitutis,
1272 2209 1327 2270 aed
1338 2207 1442 2270 solum
1456 2211 1504 2271 his
1515 2211 1571 2288 qui
1585 2227 1751 2304 supernos
1762 2229 1848 2290 prm-

214 2291 249 2354 la
267 2293 363 2354 rebus
389 2290 556 2359 civilibus,
580 2289 647 2348 dux
664 2295 772 2349 autem
794 2285 955 2348 exercitlls
970 2287 1003 2346 in
1056 2287 1209 2348 lationem
1222 2287 1351 2348 habent.
1365 2289 1451 2367 Ergo
1466 2289 1729 2352 inconvenienter
1744 2290 1845 2354 dcter·

215 2372 312 2432 rebus
327 2369 461 2440 bellicis,
474 2365 625 2446 magister
636 2371 743 2428 autem
758 2365 792 2428 in
807 2363 1003 2443 disciplinis;
1056 2367 1197 2428 minatur
1207 2365 1294 2444 qudd
1304 2367 1350 2428 eis
1361 2367 1566 2430 observantia
1578 2366 1710 2429 exhibet
1725 2370 1848 2433 culture.

215 2453 245 2510 et
260 2447 362 2510 simile
377 2451 425 2508 est
438 2447 471 2506 in
484 2445 568 2506 aliis.
583 2445 623 2506 Et
643 2443 715 2506 inde
730 2449 779 2507 est
792 2444 879 2522 quod
891 2461 1003 2506 omnes
1056 2452 1088 2505 et
1101 2446 1268 2506 bonorem.
1604 2495 1607 2499 .

215 2528 296 2590 tales
322 2532 466 2604 personae
485 2532 593 2604 patrea
623 2523 846 2602 appellantur,
896 2527 1005 2601 ropter
1095 2523 1126 2584 3.
1142 2525 1310 2598 Praeterea,
1324 2525 1545 2604 superioribas
1556 2525 1674 2586 nostris
1688 2527 1721 2586 in
1736 2527 1823 2607 digni
1845 2561 1849 2566 ⁴

216 2603 455 2667 similitudinem
468 2619 571 2670 curma
587 2599 700 2664 sicuti
714 2603 791 2682 lleg.
807 2601 838 2673 5,
853 2540 902 2674 lg,
918 2602 1002 2662 servi
1055 2606 1121 2666 tate
1131 2603 1311 2664 constitutis
1322 2621 1388 2665 uon
1400 2603 1505 2666 soldm
1515 2605 1666 2666 debemus
1679 2605 1846 2668 honorem.

215 2683 359 2748 Naaman
382 2682 533 2743 dixerunt
553 2681 593 2742 ad
616 2699 688 2742 enm
704 2701 711 2740 :
726 2681 837 2748 Pater,
863 2680 920 2741 etsi
940 2697 1005 2740 ran
1055 2682 1111 2744 sed
1123 2681 1218 2744 etiam
1235 2683 1381 2744 timorem
1394 2687 1425 2744 et
1438 2683 1580 2760 aliquam
1593 2701 1764 2744 munerum
1779 2685 1829 2747 lar

214 2759 362 2844 grandem
376 2760 507 2822 dixisset
523 2758 580 2821 tibi
590 2758 755 2852 propbeta,
771 2765 830 2822 eta.
1055 2761 1224 2840 gitionom,
1240 2759 1415 2822 secundum
1431 2762 1507 2822 illud
1518 2763 1556 2823 ad
1563 2765 1653 2822 llam.
1666 2763 1715 2833 13,
1728 2765 1763 2823 7:
1774 2765 1844 2828 lled

254 2841 294 2902 Et
304 2841 374 2902 ided
384 2841 466 2902 sicut
476 2839 536 2901 sub
547 2840 714 2919 religione,
724 2853 887 2918 perquam
897 2838 1002 2900 cultus
1055 2839 1119 2902 dite
1135 2838 1275 2902 amnibus
1288 2839 1390 2901 debita
1405 2861 1414 2900 :
1430 2840 1482 2901 cai
1495 2841 1660 2910 tributum,
1678 2841 1845 2904 tributam·

215 2920 368 2982 tribuitur
377 2921 455 2989 Deo,
469 2917 877 2996 quodammoddinvenitur
887 2918 1002 2995 pietas,
1056 2919 1108 2980 eui
1122 2919 1253 2996 acatipal
1263 2965 1272 2987 ,
1288 2919 1435 2996 scampah
1454 2921 1507 2982 cui
1521 2922 1669 2987 timorem,
1690 2923 1849 2985 timorem:

214 3017 276 3093 per
289 3016 387 3078 quam
399 2999 550 3060 coluntur
570 3003 717 3076 parentes
730 3043 739 3068 ,
753 2999 797 3058 ita
812 2997 873 3059 sub
909 2997 1003 3058 ietato
1056 2998 1109 3058 cui
1118 2997 1279 3065 bonorem.
1295 2997 1617 3060 boaorem:debemus
1629 3000 1724 3060 ctiam
1738 3002 1783 3062 eis
1796 3020 1838 3062 re«

216 3079 379 3141 invenitur
399 3077 624 3149 observantia,
646 3096 703 3170 per
724 3093 822 3155 quam
846 3014 950 3140 cuitus
972 3084 1004 3138 et
1055 3076 1233 3139 verentiam
1250 3082 1280 3137 et
1297 3077 1548 3216 sulg'ectlonem,
1571 3076 1747 3140 secundum
1767 3079 1845 3143 illud

217 3157 322 3220 bonor
336 3156 507 3219 exhibetur
525 3174 671 3236 personis
693 3173 724 3217 tn
747 3154 899 3237 dignitato
920 3172 1004 3217 con·
1054 3156 1226 3229 llebr.13,
1250 3156 1345 3218 1720
1368 3156 1446 3218 edite
1465 3160 1644 3237 prepositis
1666 3160 1792 3228 vestris,
1818 3172 1848 3221 et

216 3236 346 3297 stitutis.
1054 3234 1208 3315 subjacete
1220 3236 1272 3296 eie.
1284 3236 1353 3296 Non
1368 3252 1445 3315 ergo
1458 3239 1687 3297 convenienter
1698 3236 1842 3299 determi-

256 3314 305 3376 hd
316 3314 454 3393 primum
468 3332 544 3394 ergo
555 3312 724 3376 dicendum
736 3312 834 3391 qudd,
851 3314 934 3374 sicut
948 3312 1003 3373 di-
1054 3320 1152 3375 natur
1175 3313 1261 3391 qudd
1284 3315 1490 3376 observantia
1513 3316 1644 3376 exhibet
1669 3318 1790 3377 cultum
1815 3326 1844 3379 ct

216 3398 303 3456 alum
314 3402 362 3455 est
373 3412 411 3455 su
436 3410 483 3466 ra,
496 3411 552 3471 qu.
564 3412 672 3473 praec,
683 3399 744 3455 art.
755 3392 785 3467 3,
798 3392 836 3455 ad
849 3391 880 3464 2,
890 3392 1002 3471 religio
1054 3392 1221 3454 honorem.

217 3490 275 3551 per
301 3490 398 3551 quam
420 3490 473 3534 am
502 3472 804 3551 supereminentiam
836 3471 935 3549 pictas
953 3472 1003 3531 di-
1094 3471 1153 3532 Sed
1170 3474 1280 3532 contra
1297 3475 1345 3532 est
1360 3470 1447 3549 quod
1459 3470 1583 3533 Tullius
1596 3472 1687 3541 dicit,
1704 3472 1759 3533 lib.
1774 3472 1847 3533 ide

215 3551 318 3625 eitur;
336 3556 367 3613 et
381 3556 487 3613 tamen
508 3552 610 3629 pietas
633 3548 762 3629 proprie
780 3550 861 3611 dicta
884 3548 905 3612 d
925 3550 1004 3610 reli·
1054 3548 1192 3621 invent,
1208 3549 1363 3627 aliquant.
1378 3554 1452 3611 ante
1464 3549 1533 3621 lin,
1549 3549 1634 3628 qudd
1650 3549 1846 3615 observantia

239 3630 312 3693 'ane
320 3630 539 3709 distinguitur,
551 3630 594 3691 ita
606 3630 701 3690 etiam
713 3629 813 3707 pietas
824 3646 882 3705 per
890 3644 1003 3705 quam·
1055 3636 1099 3689 est
1107 3645 1169 3707 per
1179 3645 1271 3707 qaam
1283 3626 1420 3688 domines
1432 3626 1538 3708 aliqud
1552 3629 1705 3708 dignitate
1717 3640 1837 3691 antece-

237 3728 290 3773 am
303 3708 524 3771 excellentiam
540 3712 644 3787 potest
658 3707 718 3768 dici
733 3708 956 3781 observantia3
971 3713 1003 3767 et
1054 3706 1160 3768 dentes
1171 3706 1304 3786 quodam
1316 3708 1403 3769 calta
1416 3715 1443 3767 et
1462 3708 1579 3768 bonore
1592 3708 1771 3787 dignamur.

216 3794 324 3851 tamen
349 3787 555 3851 observantia
579 3784 707 3865 proprie
733 3785 816 3849 dicta
840 3783 860 3847 d
885 3786 1002 3863 pietate
1093 3784 1282 3865 Respondeo
1295 3784 1464 3848 dicendum
1478 3785 1564 3864 qndd
1578 3787 1617 3849 ad
1630 3804 1685 3849 eos
1698 3788 1754 3867 qui
1770 3800 1847 3851 sunt

216 3868 434 3946 distinguitur.
1055 3864 1262 3945 indignitate
1288 3865 1469 3936 constituti,
1498 3864 1636 3944 pertinet
1664 3868 1846 3946 gubernare

257 3942 1003 4021 ddsecundumdicendumquddaliquisexhoc
1055 3944 1844 4025 subditos.Guberoareautemestmoverealiquos

215 4026 302 4105 quod
314 4030 363 4089 est
376 4024 409 4085 in
426 4020 537 4103 aliqud
551 4022 704 4103 dignitate
718 4022 922 4093 constitutus,
936 4040 1002 4083 non
1055 4022 1088 4083 in
1105 4023 1247 4083 debitum
1260 4022 1373 4095 finem,
1392 4024 1474 4085 sicut
1488 4028 1588 4086 naula
1606 4026 1764 4105 gubernat
1780 4044 1838 4087 na-

215 4102 321 4166 soldm
338 4102 511 4183 quamdam
527 4101 629 4165 statds
648 4100 871 4163 excellentiam
887 4102 1001 4172 habet,
1055 4120 1142 4173 vem,
1158 4102 1301 4164 ducendo
1323 4118 1394 4165 eam
1418 4102 1458 4164 ad
1478 4103 1843 4180 portum.0mneautem

216 4183 270 4246 sed
286 4183 381 4245 etiam
397 4181 570 4261 quamdam
592 4184 782 4261 potestatem
802 4180 1002 4259 gubernandi
1054 4197 1187 4243 nrovens
1202 4182 1297 4242 habet
1312 4181 1533 4243 excellentiam
1548 4182 1720 4258 quamdam
1737 4190 1768 4242 et
1782 4184 1846 4242 vir·

216 4260 360 4325 subditos
378 4280 386 4321 ι
401 4259 486 4323 unde
501 4260 653 4339 competit
673 4258 703 4321 ei
731 4259 814 4321 ralia
841 4259 1000 4337 principii,
1055 4263 1155 4320 tutem
1169 4275 1267 4338 supra
1282 4259 1313 4319 id
1327 4260 1412 4337 quod
1435 4265 1594 4319 movetur.
1612 4260 1700 4321 Unde
1720 4268 1845 4337 oportet

218 4343 315 4417 prout
325 4345 374 4401 est
386 4340 525 4403 aliorum
536 4340 744 4419 gubernator.
758 4338 808 4400 Ex
823 4336 883 4399 hoc
895 4342 1003 4399 autem
1054 4338 1140 4416 quod
1156 4339 1188 4399 in
1204 4357 1242 4400 eo
1263 4338 1319 4415 qui
1339 4344 1388 4399 est
1406 4339 1438 4398 in
1458 4337 1611 4416 dignitate
1632 4340 1844 4411 constitutus,

217 4416 303 4495 qudd
317 4417 433 4495 aliquis
446 4418 544 4481 habet
558 4416 785 4496 perlectionem
799 4417 938 4479 seientia
953 4416 1002 4485 vel
1054 4417 1158 4493 primo
1184 4416 1403 4478 consideretur
1423 4416 1614 4478 excellentia
1641 4417 1743 4478 statds
1770 4435 1842 4478 cum

217 4496 366 4569 virtutis,
394 4512 459 4557 uon
493 4500 627 4558 sortitur
659 4498 818 4559 rationem
851 4496 1001 4574 principii
1055 4493 1573 4573 quddampotcstatainsubditos3
1588 4494 1843 4574 secunddipsum

215 4572 376 4654 quantdm
409 4574 450 4635 ad
482 4575 585 4649 alios,
613 4575 668 4637 scd
696 4572 800 4637 saltim
830 4575 1001 4653 quamdam
1054 4573 1297 4652 gubernationis
1310 4574 1460 4634 officium.
1475 4572 1610 4635 llationc
1624 4574 1722 4654 igitur
1733 4576 1836 4637 excel·

215 4653 439 4717 excellentiam
463 4654 495 4714 in
523 4654 639 4732 seipso.
665 4654 705 4716 Et
728 4654 799 4715 ideo
820 4653 1002 4731 specialiter
1054 4652 1160 4713 lentim
1174 4652 1307 4714 debetur
1322 4652 1350 4713 ei
1365 4652 1479 4725 honor,
1495 4652 1551 4743 qui
1566 4659 1614 4714 est
1628 4654 1774 4731 quaedam
1789 4672 1845 4716 re

203 4733 362 4813 ,quaadam
375 4731 476 4795 virtus
490 4732 719 4797 determinatur
732 4733 772 4795 ad
784 4732 1001 4795 exhibendum
1055 4748 1092 4793 eo
1115 4732 1194 4791 nitio
1211 4730 1408 4793 excellentiae
1422 4732 1575 4809 alicujus,
1600 4734 1723 4794 ratione
1735 4741 1844 4796 autem

215 4814 371 4874 bonorem
388 4814 421 4874 et
432 4812 556 4873 cultum
568 4812 619 4874 his
639 4813 694 4890 qui
709 4815 786 4875 sunt
799 4812 833 4872 in
848 4810 1001 4890 dignitate
1054 4828 1074 4871 o
1099 4809 1149 4870 rcii
1161 4811 1403 4888 gubernationis
1419 4810 1551 4871 debetur
1562 4811 1591 4869 ei
1606 4813 1723 4884 cultus,
1737 4814 1793 4890 qui
1808 4813 1843 4874 in

212 4891 391 4955 constituti.
405 4889 537 4961 Verum,
550 4891 628 4969 quia
641 4908 699 4981 per
713 4891 880 4953 seientiam
893 4894 924 4949 et
935 4890 1000 4949 vir·
1054 4888 1194 4966 quodam
1211 4890 1367 4967 obsequio
1381 4889 1544 4961 consistit,
1559 4887 1634 4950 dirm
1647 4892 1766 4953 scilicet
1777 4891 1839 4953 ali-

214 4978 331 5043 tutem,
347 4971 501 5037 etomnia
515 4970 580 5032 alia
600 4966 781 5063 hujusmodi
794 4968 911 5045 aliquis
927 4967 1001 5029 ido.—
1054 4968 1127 5045 quis
1137 4967 1365 5029 obediteorum
1376 4969 1521 5047 imperio,
1531 4972 1672 5031 etvicem
1682 4969 1843 5033 beneficiis

217 5068 293 5111 neus
305 5050 447 5111 redditur
457 5049 496 5113 ad
505 5050 668 5129 dignitatis
680 5056 811 5120 statum,
821 5048 1001 5109 reverentia
1054 5062 1167 5108 eorum
1177 5063 1237 5125 pro
1253 5065 1314 5109 suo
1330 5047 1424 5108 modo
1439 5046 1594 5125 rependit.

200 5146 285 5205 ,qum
301 5135 433 5206 propter
446 5145 684 5207 quamcumque
699 5124 922 5205 excellentiam
938 5126 1003 5187 ali-
1094 5124 1141 5186 Ad
1158 5126 1297 5203 primum
1318 5142 1395 5207 ergo
1413 5126 1580 5187 dicendum
1599 5126 1684 5205 qudd
1702 5129 1735 5188 in
1753 5127 1841 5188 cultu

215 5208 331 5282 quibus
344 5208 532 5281 exhibetur,
547 5206 587 5269 ad
603 5206 748 5269 eamdem
762 5205 912 5267 virtutem
926 5222 1001 5283 per·
1054 5221 1119 5265 non
1132 5202 1236 5267 solium
1251 5206 1439 5285 intelligitur
1451 5207 1564 5277 honor,
1581 5206 1743 5267 sedetiam
1756 5222 1843 5283 quee-

215 5285 303 5345 tinet.
512 5322 515 5331 ·
1054 5284 1347 5363 cumquealiaquae
1363 5286 1524 5363 pertinent
1538 5285 1578 5345 ad
1594 5284 1741 5346 decentes
1751 5289 1842 5346 actua

254 5363 300 5423 hd
327 5367 453 5427 tertium
482 5364 650 5426 dicendum
672 5362 758 5442 qudd
781 5362 821 5423 ad
844 5362 999 5441 justitiam
1054 5364 1172 5441 quibus
1190 5362 1286 5424 homo
1300 5363 1339 5426 ad
1353 5364 1452 5425 alium
1463 5363 1642 5424 ordinatur.

213 5442 384 5520 specialem
401 5442 529 5523 proprie
542 5460 614 5505 sum
638 5446 702 5507 tam
716 5441 854 5520 pertinet
871 5441 1000 5504 reddere
1094 5440 1140 5502 Ad
1155 5444 1331 5504 seeundum
1346 5442 1514 5503 dicendum
1556 5440 1631 5515 udd,
1648 5442 1730 5503 sicut
1743 5460 1842 5521 supra

212 5521 336 5600 aequale
351 5522 380 5583 ei
395 5523 446 5584 cui
465 5523 586 5600 aliquid
626 5524 748 5583 ebetur.
766 5520 858 5595 Quod
873 5522 1001 5599 quidem
1029 5519 1032 5527 ⁴
1054 5520 1172 5581 dietum
1190 5526 1257 5592 est,
1275 5530 1389 5599 quaest.
1404 5522 1463 5593 80,
1478 5456 1598 5598 dupiex
1620 5525 1669 5582 est
1681 5520 1841 5582 debitumz

212 5601 841 5679 nonpotestlieriadvirtuososetadeos
874 5598 1001 5661 uibend
1053 5616 1156 5661 unum
1178 5600 1306 5676 quidem
1328 5600 1445 5678 legale,
1472 5599 1511 5660 ad
1536 5598 1621 5677 quod
1650 5600 1843 5661 reddendum

210 5682 296 5741 statu
308 5678 471 5759 dignitatis
490 5684 636 5753 utuntur,
654 5680 743 5741 sicut.
755 5698 814 5744 nea
826 5616 872 5742 ad
881 5679 998 5751 Deum,
1054 5679 1151 5739 homo
1172 5677 1242 5757 lege
1263 5679 1480 5755 compellitur3
1506 5683 1537 5739 et
1561 5678 1607 5739 sie
1630 5677 1722 5740 debet
1745 5679 1844 5740 borne

210 5774 269 5819 aee
282 5758 320 5819 ad
336 5763 497 5837 parentes.
513 5758 552 5818 Et
565 5758 634 5820 ideb
649 5758 688 5821 ad
707 5759 878 5837 quamdam
895 5758 1001 5821 virtu·
1054 5757 1210 5819 bonorem
1230 5763 1262 5818 et
1275 5756 1396 5818 cultum
1413 5756 1462 5819 his
1482 5756 1537 5837 qui
1553 5758 1675 5819 suntin
1690 5759 1842 5839 dignitate
