4067 6175
141 337 197 395 ⁴85
670 330 805 403 litim.
824 330 906 391 bxll.
924 328 1247 391 obumbratione
1721 338 1773 399 ης

140 448 287 591 ismfflae'
298 444 428 525 quando
442 442 562 505 scilicet
574 444 734 507 resanius
745 447 787 507 ab
799 445 863 507 alio
874 444 933 507 ba·
985 450 1053 508 tum
1068 448 1135 517 est3
1163 444 1250 507 etita
1262 461 1327 507 non
1341 447 1390 508 est
1403 444 1442 509 de
1456 448 1644 513 necessitate
1660 452 1771 516 salutis

165 534 239 590 etur
249 526 300 589 rel
310 542 368 603 per
377 521 574 585 voluntatem
586 522 667 600 ejus,
678 523 761 585 sicut
773 522 806 583 in
819 524 932 583 mutuo
984 523 1152 584 restituere
1167 523 1319 585 ablatum.
1387 576 1391 585 .
1765 562 1769 569 -

141 599 935 685 seldeposit03veleontravoluntatemeJns,sicut
1025 599 1055 661 t.
1070 602 1238 673 Praeterea,
1259 600 1312 663 ille
1335 602 1390 681 qui
1412 602 1543 681 impedit
1566 604 1709 684 aliquem
1731 610 1773 673 ab

141 686 177 748 in
192 682 308 765 rapina
322 683 373 743 rel
387 680 484 741 turio.
984 678 1096 756 aliquo
1106 680 1191 739 bono
1204 680 1440 758 consequendo,
1450 682 1576 743 videtur
1588 684 1666 747 illud
1675 686 1704 745 ei
1714 702 1777 748 au-

184 763 232 826 Ad
247 755 650 841 primumergodicendnm
661 755 747 834 qudd
760 753 932 835 illudquod
984 754 1088 846 terre..
1111 756 1522 835 uiaquocimodieumdeest,
1533 762 1710 841 quosinibit
1721 764 1769 825 de·

141 838 538 925 alterinondebetur,non
547 838 607 907 est,
618 833 930 975 prpprieloquendq
984 774 1455 929 essentitatem,utl’bitosopbus
1469 837 1770 932 dieit'indeysio.,

142 912 931 1069 ttdestituistitilill‘lliitatia
983 910 1774 1074 utilitatibusillitiallatii

143 1074 219 1138 crim
237 1073 309 1153 quis
325 1070 417 1134 alteri
438 1069 540 1131 reddit
553 1068 640 1147 quod
659 1068 689 1129 ei
709 1086 775 1130 non
786 1068 930 1131 debetur.
980 1067 1132 1148 J'usmodi,
1144 1068 1342 1131 nonvidetur
1355 1069 1441 1147 qudd
1454 1078 1601 1134 teneatur
1615 1075 1644 1137 ei
1660 1075 1700 1137 ad
1714 1094 1756 1137 re-

142 1155 248 1216 flabet
261 1156 368 1213 tamen
382 1148 524 1226 aliquam
540 1146 778 1207 similitudinem
798 1147 932 1209 restitu—
983 1146 1180 1207 stitutionem
1199 1147 1375 1223 prebenda
1388 1167 1396 1207 ε
1411 1149 1488 1226 quia
1501 1151 1693 1232 quandoque
1706 1172 1771 1217 non

145 1233 253 1305 tionis,
265 1228 345 1307 quia
360 1243 412 1287 res
426 1224 635 1287 materialiter
646 1224 756 1286 eadem
769 1229 837 1297 est;
865 1242 930 1287 non
983 1229 1103 1303 posset.
1118 1224 1188 1285 Non
1203 1241 1279 1303 ergo
1300 1226 1470 1289 restituere
1490 1230 1648 1305 ablatum,
1664 1236 1713 1294 est
1733 1234 1772 1295 do

143 1316 252 1372 umen
267 1310 316 1370 est
332 1305 442 1368 eadem
457 1300 632 1365 secundum
646 1302 812 1364 formalem
825 1304 929 1366 ratio-
984 1302 1173 1364 necessitate
1188 1303 1312 1363 salutis.

147 1404 242 1460 nem,
263 1401 361 1463 quam
384 1399 436 1444 res
460 1380 514 1442 icit
532 1380 667 1460 justitia,
683 1380 770 1458 quod
792 1385 930 1443 estesse
1023 1380 1082 1442 Sed
1102 1384 1213 1441 eontra
1236 1380 1390 1459 estquod
1415 1385 1616 1462 Augustinus
1637 1386 1711 1449 dicit
1736 1388 1771 1451 in

149 1482 244 1527 snum
266 1460 412 1541 alicujus.
435 1400 524 1522 finde
545 1474 606 1519 nec
625 1457 753 1539 proprie
771 1459 930 1521 restitutio
984 1456 1120 1535 e'pistold
1134 1458 1174 1518 ad
1192 1459 1427 1534 Macedonium,
1454 1458 1569 1539 pariam
1589 1462 1707 1533 amad,
1727 1465 1771 1547 (et

147 1543 274 1604 dicitnr.
982 1535 1121 1597 habetur
1147 1535 1247 1599 causi
1268 1536 1320 1609 lt,
1348 1542 1461 1615 quast.
1485 1540 1516 1613 o,
1543 1540 1621 1620 bic)
1644 1562 1652 1601 ε
1674 1545 1770 1605 Sires

187 1620 235 1681 Ad
245 1616 418 1680 secundnm
428 1614 597 1677 dicendum
610 1612 696 1692 qnod
708 1632 825 1675 nomen
839 1614 931 1676 resti·
982 1612 1095 1703 atiena,
1105 1622 1341 1751 propterjuom
1351 1623 1513 1705 peccetom
1523 1626 1579 1685 est,
1591 1617 1680 1683 reddi
1689 1640 1770 1699 po,-

145 1697 298 1771 tnlionis,
320 1696 534 1772 inquantum
556 1694 707 1770 importat
730 1693 931 1755 iterationem
982 1699 1037 1759 ast,
1059 1698 1087 1752 et
1101 1708 1167 1751 noa
1188 1691 1243 1769 red
1264 1700 1342 1759 ator,
1360 1695 1546 1769 penetentia
1568 1714 1634 1758 non
1651 1700 1768 1777 opiter,

145 1775 327 1853 quamdam,
341 1772 494 1864 supponit
511 1769 559 1833 rei
575 1770 782 1833 identitatem.
805 1772 845 1831 Et
860 1770 931 1831 ideo
981 1768 1035 1830 sed
1047 1768 1224 1830 timedatur.
1241 1768 1279 1831 Si
1290 1778 1391 1831 autem
1406 1772 1558 1832 veraciter
1568 1774 1686 1853 opiter,
1703 1796 1771 1837 eoa

145 1850 320 1914 secundum
342 1866 480 1943 primam
500 1848 736 1926 impositionem
771 1849 929 1921 nominis,
980 1847 1154 1939 remittitur
1182 1856 1362 1939 peecatum,
1392 1849 1457 1939 uisi
1476 1851 1662 1913 restituatur
1685 1854 1770 1917 abia·

144 1931 302 1991 restitutio
317 1928 443 1990 videtur
456 1927 562 1989 locum
583 1926 703 1989 babere
714 1925 873 2005 praecipue
896 1928 931 1988 in
982 1931 1060 1993 tum,
1078 1943 1117 1998 ss,
1132 1931 1169 1985 ot
1181 1924 1263 1994 dext.
1279 1934 1402 1989 restitus
1413 1936 1530 2005 potest.

143 2010 241 2069 rebus
254 2006 577 2082 exterioribusque
589 2009 755 2066 manentes
771 2006 887 2067 eedem
900 2007 931 2066 et
1022 2003 1210 2081 Respondeo
1223 2004 1391 2065 dicendum
1401 2004 1486 2082 quod
1500 2008 1671 2085 restitutio,
1686 2009 1770 2073 sicut

143 2084 320 2147 seeundum
334 2083 556 2155 substantiam,
574 2087 606 2143 et
614 2080 788 2144 secundum
800 2083 854 2175 ins
867 2082 932 2141 do-
982 2080 1161 2143 dictumest
1176 2084 1237 2143 art.
1251 2100 1359 2159 praee,
1375 2088 1423 2143 est
1437 2086 1670 2164 actusjustitiee
1683 2106 1770 2150 com-

142 2164 246 2238 minii,
262 2165 303 2225 ab
316 2180 382 2223 uno
392 2163 528 2240 possunt
536 2158 577 2220 ad
588 2160 687 2221 alium
699 2159 861 2222 devenire.
871 2159 932 2221 Sed
982 2158 1156 2231 mutellae,
1171 2176 1243 2250 quae
1257 2160 1290 2219 in
1307 2158 1445 2235 quidam
1463 2164 1646 2239 aequalitate
1660 2168 1770 2227 eonsi-

142 2242 227 2302 sieot
250 2242 291 2303 ab
306 2239 488 2319 hujusmodi
502 2238 598 2298 rebus
612 2254 729 2297 nomen
746 2238 933 2300 communi·
982 2236 1038 2297 stit
1053 2236 1081 2326 (l
1101 2279 1109 2294 .
1128 2237 1168 2295 Et
1181 2236 1252 2327 rdeb
1268 2238 1437 2327 restituere
1451 2237 1603 2317 importat
1615 2242 1769 2303 redditio-

141 2320 280 2380 eationis
295 2317 487 2381 translatum
506 2318 554 2377 est
572 2313 612 2375 ad
632 2315 773 2375 actiones
788 2317 839 2377 rel
852 2332 933 2394 pas·
983 2330 1078 2405 neme
1093 2314 1155 2375 tius
1166 2331 1212 2374 rer
1222 2312 1613 2451 quenkusteabtataesn
1626 2319 1673 2381 sic
1683 2321 1769 2383 enim

141 2397 253 2457 siones
262 2412 335 2473 qne
354 2394 515 2473 pertinent
526 2391 567 2454 ad
580 2392 795 2454 reverentiam
810 2394 862 2455 rel
882 2392 931 2454 in·
981 2408 1042 2471 per
1055 2395 1201 2454 iteratam
1215 2409 1284 2471 equs
1297 2408 1339 2451 ex
1364 2394 1527 2457 rbruonem
1539 2397 1704 2475 equalitas
1718 2416 1769 2460 re·

138 2471 262 2551 iuriam
288 2472 424 2552 adonius
448 2484 607 2549 personae,
627 2485 687 2530 seu
703 2474 931 2532 noenmentnm
982 2469 1168 2548 paratur.Si
1185 2468 1261 2531 vero
1269 2468 1355 2549 juste
1375 2472 1518 2533 ablatum
1531 2473 1768 2552 sit,equalitas

140 2552 196 2613 vel
211 2550 398 2629 proiectum,
411 2549 457 2611 ita
468 2548 564 2609 etiam
579 2563 698 2608 nomen
721 2548 930 2611 restitutionis
982 2545 1045 2607 erit
1063 2546 1126 2627 (d);
1143 2550 1177 2607 et
1197 2546 1267 2609 idea
1288 2564 1355 2609 non
1376 2552 1594 2611 necessarium
1610 2554 1672 2613 erit
1689 2559 1724 2615 ut
1738 2556 1769 2616 ei

139 2628 308 2691 derivatur
319 2628 361 2691 ad
372 2628 542 2703 hecque,
551 2622 624 2686 lieet
640 2624 772 2686 realiter
780 2642 845 2687 non
858 2643 932 2689 me·
981 2622 1179 2699 restituatur,
1197 2625 1274 2704 quia
1284 2624 1409 2705 justitia
1423 2628 1457 2689 in
1468 2630 1651 2706 equalitate
1662 2632 1773 2693 eonsi-.

140 2711 254 2778 neunt,
268 2710 373 2767 tamen
386 2708 518 2767 manent
530 2702 562 2763 in
573 2702 688 2765 ellectu
696 2704 747 2766 rel
759 2706 929 2781 corporali,
982 2703 1047 2763 stit.
1061 2700 1141 2764 Crim
1154 2720 1231 2782 ergo
1242 2719 1434 2766 conservare
1441 2703 1596 2783 justitiam
1607 2708 1648 2769 sit
1661 2708 1700 2769 de
1711 2729 1769 2773 ne·

139 2780 222 2862 puta
234 2781 307 2845 crim
319 2801 360 2844 ex
373 2781 580 2861 percussione
591 2779 717 2843 leditur
728 2798 845 2859 eorpus
857 2803 865 2857 ;
879 2784 931 2845 vel
983 2780 1135 2845 cessitate
1145 2781 1274 2855 salutis,
1289 2798 1491 2861 consequens
1508 2785 1656 2864 estquod
1671 2790 1770 2849 resti-

138 2862 198 2940 qui
213 2860 306 2923 estin
322 2860 473 2939 opinione
482 2858 660 2931 bominum,
675 2859 759 2920 sient
774 2858 848 2921 edm
866 2861 932 2923 ali-
981 2861 1072 2921 tuere
1087 2860 1118 2921 id
1131 2860 1217 2938 quod
1237 2858 1355 2922 in'ustd
1374 2862 1517 2923 ablatum
1532 2869 1581 2925 est
1596 2864 1712 2941 alicui,
1727 2868 1769 2927 sit

137 2940 215 3016 quis
230 2940 330 3002 verbo
352 2937 565 3017 opprobrioso
582 2940 726 2998 rensanet
745 2937 929 3017 infamatus,
980 2935 1021 2997 de
1034 2937 1223 2999 necessitate
1236 2954 1272 2999 sa
1285 2937 1360 2999 ntis.

140 3018 193 3079 vel
209 3017 305 3079 etiam
316 3016 493 3077 minoratus
512 3014 546 3075 in
559 3029 620 3076 suo
635 3013 771 3077 honore.
1021 3014 1069 3075 Ad
1082 3015 1222 3094 primum
1235 3032 1312 3096 ergo
1321 3016 1492 3078 dicendum
1505 3018 1591 3097 quod
1603 3020 1636 3081 in
1649 3022 1766 3102 quibus

178 3095 229 3156 Ad
246 3095 374 3158 tertium
387 3093 556 3156 dicendum
562 3091 649 3171 quod
662 3096 929 3172 recompensatio,
981 3108 1048 3156 non
1063 3098 1167 3171 potest
1178 3095 1415 3176 recompensari
1428 3098 1635 3175 aequivalens,
1651 3101 1768 3164 sullicit

137 3190 242 3251 quam
265 3173 341 3235 tacit
362 3172 557 3234 distribuens
580 3171 611 3232 ei
638 3171 690 3232 cui
715 3171 801 3236 dedit
821 3171 929 3237 minuis
981 3170 1127 3263 quodibi
1145 3175 1508 3252 recompenseturquod
1528 3179 1680 3256 possibile
1699 3186 1746 3242 est
1756 3215 1775 3254 ,-

137 3249 240 3328 qndm
256 3250 375 3324 debuit,
392 3251 429 3311 iit
447 3267 506 3328 per
521 3249 794 3328 comparationem
811 3252 859 3314 rei
876 3253 930 3394 m
981 3253 1161 3328 srentpatet
1174 3250 1212 3312 de
1226 3251 1402 3314 bonoribus
1417 3253 1559 3330 quisunt
1570 3256 1722 3320 adDeum
1736 3265 1768 3320 et

137 3330 178 3389 ad
208 3347 295 3403 rem;
316 3332 353 3391 ut
376 3327 498 3406 qnantb
520 3326 564 3408 (2)
582 3323 696 3390 ‘mindo
708 3327 875 3408 babuitqu
981 3327 1197 3406 adparentes,
1210 3334 1246 3389 ut
1260 3328 1471 3408 Philosophus
1485 3331 1604 3395 dieitin
1617 3333 1765 3406 aarum..

137 3407 262 3480 debuit,
276 3406 366 3468 tantd
378 3407 451 3499 plus
463 3406 493 3467 ei
506 3405 615 3479 detur3
639 3409 673 3466 et
687 3404 758 3468 ideo
768 3407 836 3488 jam
848 3426 931 3487 per-
981 3422 1052 3484 cap.
1068 3407 1149 3481 ult,
1165 3406 1205 3468 ad
1219 3406 1275 3466 tin.
1291 3407 1332 3466 Et
1347 3405 1418 3468 ideo
1430 3409 1560 3484 quando
1575 3411 1606 3472 id
1619 3413 1705 3490 quod
1718 3421 1767 3475 est

138 3485 221 3547 tinet
236 3484 276 3548 ad
289 3481 731 3566 justitiameommutativam.
980 3485 1146 3556 ablatum,
1176 3500 1241 3546 non
1269 3489 1318 3544 est
1341 3485 1533 3548 restituibile
1561 3507 1619 3567 per
1645 3490 1767 3567 aliquid

139 3611 165 3672 Δ
542 3607 552 3628 .
627 3607 634 3622 .
808 3607 816 3622 .
981 3561 1116 3652 equale,
1127 3561 1221 3624 debet
1229 3560 1297 3621 lieri
1307 3559 1560 3655 recompensatio
1574 3567 1680 3643 qualis
1692 3585 1767 3645 pos.

167 3627 321 3672 mcum
347 3627 384 3670 ¹¹·
411 3643 451 3653 ”“
474 3608 587 3670 mmm
604 3614 647 3669 ἀ
662 3625 867 3669 mmmm
889 3608 931 3671 “d
981 3639 1083 3700 sibrlrs
1104 3642 1164 3713 est,
1178 3637 1263 3777 ¹puta
1283 3636 1356 3701 edm
1379 3641 1497 3718 aquurs
1517 3643 1615 3706 alicui
1635 3647 1768 3708 abstulit

176 3687 311 3749 lidum
323 3687 407 3770 tuM
419 3689 477 3823 fn
490 3686 647 3778 ,mmm
661 3684 727 3767 Ψ*
743 3685 827 3765 im
841 3685 931 3748 'Ma‘
980 3718 1170 3790 membrum,
1199 3717 1307 3778 ebetei
1317 3723 1619 3796 recompensarevel
1629 3724 1767 3802 lupecu-

178 3775 249 3827 tum
274 3776 329 3827 ω’·
345 3799 385 3811 ··
402 3764 413 3844 i
442 3763 538 3839 sitii·
557 3763 607 3838 15,
622 3771 729 3842 imi·
754 3764 790 3838 ¹,
811 3770 873 3824 att·
889 3763 928 3841 ὃν
981 3793 1038 3857 nid
1050 3795 1099 3857 rel
1112 3794 1145 3856 in
1160 3795 1269 3872 aliquo
1284 3796 1425 3871 bonore,
1438 3798 1639 3865 considerati
1651 3804 1766 3866 condi-

177 3851 287 3925 ΜΛ
304 3844 342 3919 2³
366 3850 394 3904 0³
408 3842 515 3954 ΜΗ·
531 3841 581 3917 ¹2²
596 3847 659 3954 “tis
676 3841 721 3923 6·)
826 3942 833 3956 ο
980 3873 1068 3934 tione
1078 3873 1247 3952 utriusque
1257 3891 1403 3952 persona
1412 3875 1588 3940 secundum
1597 3881 1771 3944 arbitrium

177 3941 229 4004 Ad
253 3941 429 4004 seeundum
457 3957 503 4002 sic
526 3938 719 4017 proceditur.
747 3941 777 4000 1.
794 3939 930 4003 Videtur
980 3951 1057 4012 boni
1074 3951 1146 4014 viri.
1235 3982 1239 3990 ·
1887 3957 1890 3967 '

139 4021 226 4158 andei
245 4037 310 4081 non
331 4020 373 4081 sit
390 4016 607 4081 necessarium
630 4017 822 4081 adsalutem
843 4019 930 4096 qndd
1020 4028 1066 4090 Ad
1082 4029 1259 4092 seeundum
1278 4027 1445 4094 dicendum
1463 4033 1548 4112 qudd
1569 4037 1685 4115 aliquis
1705 4057 1767 4116 po-

160 4106 196 4161 at
215 4098 375 4159 restitutio
392 4096 460 4176 ejus
484 4095 571 4175 quod
592 4097 735 4158 ablatum
751 4098 809 4158 esi·
838 4097 929 4189 Quod
980 4110 1043 4169 test
1065 4108 1161 4170 alicui
1187 4106 1304 4171 lamam
1322 4109 1498 4188 tripliciter
1520 4113 1647 4178 auterre
1667 4135 1676 4175 ε
1698 4134 1765 4178 uno

139 4177 225 4236 enim
238 4178 287 4237 est
298 4174 505 4254 impossibile,
522 4191 588 4266 non
610 4178 659 4236 est
678 4172 718 4267 de
739 4179 929 4267 necessetate
980 4185 1075 4246 modo
1087 4203 1199 4249 verum
1211 4187 1343 4250 dicendo
1357 4193 1389 4249 et
1401 4187 1502 4267 juste,
1517 4189 1595 4269 putd
1608 4191 1680 4252 edm
1699 4196 1766 4254 ali-

139 4255 266 4316 salutis.
282 4252 342 4316 Sed
361 4251 535 4331 aliquando
554 4251 752 4330 impossibile
771 4255 819 4314 est
833 4261 930 4315 rests·
980 4263 1054 4341 quis
1076 4264 1197 4327 cumen
1227 4265 1363 4345 alicujus
1387 4267 1491 4344 prodit
1522 4269 1634 4330 ordine
1660 4271 1772 4332 debito

138 4334 230 4393 tuere
243 4331 273 4424 id
286 4331 375 4425 quod
388 4335 437 4393 est
449 4331 605 4405 ablatum,
626 4329 705 4469 putat
716 4327 788 4392 crim
811 4331 928 4410 aliquis
980 4346 1119 4418 serrato,
1129 4345 1161 4404 et
1173 4347 1249 4404 tunc
1259 4361 1324 4404 aon
1338 4347 1465 4404 tenetur
1478 4345 1518 4408 ad
1532 4347 1766 4410 restitutionem

139 4410 376 4472 abstulitalreur
384 4411 574 4483 membrum,
587 4426 626 4471 ve
646 4412 755 4472 setam.
768 4409 811 4468 Er
833 4426 929 4472 onon
980 4418 1092 4494 tarnae3
1107 4421 1172 4483 alio
1192 4420 1287 4481 modo
1304 4420 1419 4482 ialsnm
1435 4421 1567 4484 dicendo
1580 4429 1611 4486 et
1627 4425 1763 4502 in'ustd,

139 4486 265 4580 videtur
287 4506 358 4580 esse
379 4486 419 4547 de
433 4487 622 4577 necessitate
641 4486 753 4578 salutis
768 4427 854 4566 qugd
870 4489 929 4551 ali·
980 4501 1013 4559 et
1025 4502 1102 4560 lunc
1115 4502 1241 4563 tenetur
1254 4499 1424 4561 restituere
1438 4499 1571 4578 lamam,
1585 4445 1764 4566 conticendo

139 4581 213 4643 quis
226 4563 470 4643 restrtuatqnod
484 4565 577 4655 alters
588 4565 730 4626 abstulit·
900 4587 903 4593 ·
980 4591 1016 4635 se
1029 4574 1145 4637 laisum
1160 4576 1298 4650 dixisse5
1311 4576 1404 4638 tortio
1422 4577 1515 4640 modo
1530 4597 1644 4643 serum
1659 4579 1766 4646 dicen-

176 4642 209 4702 2.
223 4645 392 4718 Preterea,
407 4646 603 4734 committere
616 4642 747 4735 aliquod
762 4646 928 4735 peceatum
980 4651 1037 4728 do,
1053 4653 1109 4716 sed
1124 4653 1260 4733 injusto,
1274 4652 1353 4733 pntd
1364 4651 1438 4718 edm
1450 4657 1568 4736 aliquis
1585 4661 1690 4739 prodit
1703 4663 1765 4724 cri-

139 4735 203 4782 non
219 4726 268 4782 est
278 4720 318 4783 de
330 4722 520 4782 necessitate
532 4720 657 4794 salutis,
679 4738 756 4798 quia
772 4740 818 4784 sse
830 4723 927 4785 bomo
979 4749 1056 4794 men
1083 4732 1214 4794 alterius
1238 4737 1351 4796 eontra
1377 4733 1522 4800 ordinem
1545 4736 1706 4812 debitum,
1734 4749 1778 4809 etv

139 4804 222 4859 esset
240 4799 426 4877 perplexus.
449 4795 510 4858 Sed
524 4798 717 4877 quandoque
741 4797 820 4860 illud
842 4800 928 4878 quod
980 4812 1058 4872 tune
1067 4814 1195 4873 tenetur
1203 4809 1243 4874 ad
1253 4811 1486 4874 restitutionem
1497 4813 1599 4891 tama,
1608 4817 1765 4896 quantum

139 4876 303 4952 antertnr,
323 4892 389 4937 non
412 4875 665 4967 potesturestitni
687 4876 759 4938 sine
781 4882 926 4968 peccato,
1024 4891 1102 4963 test,
1122 4887 1191 4952 sine
1211 4889 1378 4952 mendacio
1403 4893 1527 4964 tamen,
1542 4898 1653 4973 utpote
1679 4897 1766 4976 quod

139 4952 215 5027 puta
226 4953 299 5016 edm
308 4954 425 5033 aliquis
438 4953 535 5017 alrcm
547 4952 663 5015 lamam
673 4955 805 5016 abstulit
815 4973 928 5018 rerum
1001 4966 1064 5028 icat
1077 4985 1112 5029 se
1132 4967 1216 5030 meld
1231 4967 1367 5042 dixisse,
1381 4969 1434 5032 rel
1452 4969 1538 5047 qubd
1557 4971 1675 5052 injuste
1691 4993 1766 5050 eum

138 5029 281 5093 dicendo.
300 5033 385 5112 Ergo
396 5032 565 5094 restituere
581 5032 724 5094 ablatum
746 5049 812 5094 non
828 5039 877 5096 est
888 5033 927 5096 de
979 5041 1211 5121 diffamaverit3
1225 5046 1275 5107 vel
1289 5045 1317 5108 si
1332 5063 1397 5107 non
1413 5048 1516 5126 possit
1529 5049 1646 5114 tamam
1664 5054 1765 5116 resti-

139 5112 327 5174 necessitate
338 5111 463 5173 salutis.
979 5125 1083 5197 tuere,
1098 5123 1192 5186 debet
1209 5123 1240 5185 ei
1256 5123 1349 5186 aliter
1360 5141 1622 5205 recompensare,
1639 5133 1720 5194 sieut
1733 5137 1774 5198 ct·

157 5187 208 5280 -35
222 5190 389 5263 Praeterea,
415 5188 502 5266 quod
522 5188 641 5280 tactum
660 5191 722 5282 est,
736 5206 802 5251 non
815 5193 928 5328 feteat
978 5199 1225 5266 inaliisdietum
1237 5202 1332 5266 estin
1347 5203 1445 5266 solut.
1459 5222 1554 5284 praee.

137 5261 205 5326 tien
221 5270 258 5328 ut
272 5266 391 5330 laetum
406 5284 472 5328 non
484 5266 592 5329 tuerit.
607 5265 669 5328 Sed
681 5267 814 5347 aliquan
834 5270 927 5331 oab·

138 5343 349 5436 cuisauIertur
357 5345 541 5438 bonorsuao
554 5360 700 5436 pcftpnffl
726 5363 767 5438 ⁰.¹
780 5346 842 5410 1100
855 5349 926 5425 ipso
1014 5365 1054 5439 (t)
1071 5366 1177 5436 Aliquid
1194 5366 1239 5423 hie
1256 5366 1350 5423 deesse
1361 5365 1503 5437 &jamnus
1523 5369 1584 5438 iure
1601 5372 1765 5442 suspicatur;

138 5421 222 5494 quod
278 5441 351 5488 sons
360 5389 927 5564 estabahquornrustdvrtrggerante
979 5445 1322 5518 nemounennostrorum
1336 5438 1455 5494 codicum
1469 5439 1646 5496 elieerbaber.
1659 5510 1686 5526 ..

137 5513 221 5561 eum.
271 5517 329 5582 rgo
342 5518 409 5564 non
422 5505 570 5580 potcstet
588 5505 714 5566 rmum
725 5520 771 5584 qu
832 5505 925 5568 abla-
1014 5505 1055 5578 (2)
1075 5505 1110 5560 lta
1134 5515 1194 5576 post
1213 5505 1358 5589 Nicolaum
1380 5516 1501 5607 serentes
1519 5524 1611 5594 omnes
1624 5510 1763 5616 editiones.
1794 5551 1803 5624 -3

151 5613 194 5704 'a
230 5639 285 5709 n,
300 5640 350 5694 ,a
978 5575 1286 5714 tuttelstet
1299 5575 1764 5722 abab{laetititiae

170 5705 199 5776 (ἰ
229 5709 286 5777 Al,
299 5719 326 5762 at
340 5709 363 5764 ri
375 5709 470 5780 maed
481 5709 574 5780 adab,
587 5719 639 5768 ete.
979 5715 1026 5794 tia.
1038 5723 1101 5777 etc..
1116 5727 1195 5782 qnam
1207 5713 1344 5770 lectionem
1361 5715 1471 5785 probant
1486 5715 1622 5789 l'beoloqi.
