4067 6175
214 289 264 346 bSl
781 297 915 367 QUAEST.
935 298 1102 357 bxxlttllt.
1122 301 1167 357 DE
1186 303 1287 361 vobo.

1797 323 1849 380 eae

214 407 339 470 luntme
354 405 492 490 alicuius
512 425 669 489 personae.
694 409 752 472 Sed
775 411 808 471 in
832 411 914 492 lege,
932 431 1006 492 qun
1058 414 1090 478 id
1104 417 1191 558 {rod
1203 419 1243 482 ad
1257 422 1438 485 vovendum
1453 423 1497 506 (1)
1512 431 1561 488 est
1572 430 1711 509 malum,
1727 438 1778 498 rel
1792 439 1837 501 ln·

216 480 313 546 habet
332 487 433 578 robur
453 505 494 582 en
517 490 678 584 communi
702 489 879 582 voluntate,
899 495 1005 570 potest
1058 497 1105 558 uti
1141 497 1357 568 ,velma'oris
1372 501 1743 584 boniimpeditis·um,ad
1784 523 1847 581 nod

214 579 273 656 per
287 561 450 656 bominem
462 566 653 659 dispensari.
675 569 761 660 Ergo
778 569 905 662 ridetur
918 567 1004 649 qudd
1059 576 1159 637 tendit
1178 579 1245 639 voti
1269 517 1485 659 dispensatim
1508 588 1540 645 et
1553 584 1624 647 ided
1652 534 1848 670 dispergaris

215 645 313 780 ⁰3:³³¹
336 659 370 704 sn
384 649 459 706 roto
473 663 532 726 per
545 645 708 708 bominem
724 647 903 725 dispensare
919 665 1003 728 pos·
1058 656 1126 716 voti
1140 672 1207 718 non
1221 661 1270 719 est
1283 660 1397 722 contra
1409 658 1593 726 fidelitatem
1606 664 1674 728 Deo
1683 669 1834 736 debitam.

214 735 242 780 8¹
254 763 445 877 ltespondeo
452 803 621 866 dicendum
631 802 717 880 qudd
731 802 928 884 dispensatio
939 807 1004 868 voti
1058 777 1240 869 ”mim
1251 796 1298 840 ¹¹·
1314 813 1353 872 “.
1367 776 1479 874 Um
1489 782 1526 874 Ψ
1539 793 1612 846 ”⁰⁸⁰
1625 787 1756 880 'mm'
1770 809 1849 854 ⁶⁰¹²·

215 876 316 938 intelli
340 879 422 942 enda
452 885 501 941 est
526 881 565 942 ad
596 882 724 943 modum
754 883 1003 962 dispensationis
1099 864 1357 996 ‘'m‘¹‘²3{⁰⁸³⁸‘
1378 861 1448 998 {m
1469 859 1673 942 ‘mmmm-
1692 900 1731 913 ”“
1754 869 1847 954 (lot,

214 973 290 1034 uum
332 958 396 1017 tin
417 959 774 1042 observantidalicujus
795 961 894 1040 legis3
913 964 1002 1042 quia,
1096 937 1235 1013 imm
1280 945 1364 1009 ἀν’·
1401 937 1521 1021 ’⁰⁴¹3')

216 1037 253 1096 ut
267 1052 366 1113 supra
380 1036 575 1112 dictumest,
592 1037 673 1110 1-2,
689 1057 745 1118 qu.
760 1039 811 1112 oo,
827 1045 888 1101 art.
904 1041 935 1110 2,
951 1043 1004 1102 lex
1098 1033 1146 1094 Ad
1164 1035 1367 1098 undecimum
1387 1037 1435 1100 sic
1450 1041 1643 1116 proceditur.
1663 1046 1692 1105 t.
1716 1047 1847 1114 Videtur

215 1113 347 1191 ponitur
359 1116 560 1192 respiciendo
574 1117 614 1179 ad
628 1117 660 1178 id
673 1117 757 1195 quod
774 1124 822 1179 est
835 1125 872 1178 ut
884 1121 919 1180 in
934 1122 1005 1198 plu.
1057 1112 1143 1188 qudd
1158 1112 1191 1175 in
1207 1118 1281 1176 voto
1295 1115 1431 1176 solemni
1446 1119 1650 1186 continentie
1664 1128 1765 1203 possit
1779 1129 1849 1193 deri

215 1191 306 1254 ribus
328 1193 460 1255 bonum.
482 1193 541 1256 Sed
555 1196 634 1273 quia
653 1197 806 1275 contingit
821 1198 1004 1277 buJusmodi
1057 1189 1266 1269 dispensatio.
1286 1194 1355 1256 llna
1378 1195 1466 1256 euim
1487 1200 1570 1260 ratio
1591 1201 1797 1280 dispensandi
1813 1210 1847 1271 in

215 1270 250 1331 in
275 1271 386 1350 aliquo
406 1289 484 1334 casu
509 1290 575 1334 non
595 1291 666 1338 esse
690 1276 829 1351 bonum,
862 1277 1005 1354 oportuit
1059 1271 1517 1351 votoest,sisitimpeditirum
1530 1279 1849 1358 meliorisboni,sic-

215 1350 427 1428 perationem
445 1352 669 1426 determinari,
685 1353 718 1416 in
740 1354 796 1416 illo
809 1353 1003 1492 {articulari
1056 1347 1230 1441 11ῑᾶ1111111
1253 1356 1302 1412 est
1328 1356 1391 1415 erl·
1415 1371 1510 1432 pree·
1532 1355 1590 1418 Sed
1610 1366 1721 1422 rutum
1742 1366 1848 1426 conti-

215 1445 294 1490 easu
308 1430 410 1508 legem
426 1447 491 1490 non
507 1449 577 1493 esse
591 1431 793 1495 servandam.
837 1434 921 1495 tboc
930 1452 1005 1512 pro·
1057 1433 1191 1502 neutras,
1212 1429 1338 1491 etiamsi
1353 1429 1394 1491 sit
1407 1433 1569 1507 solemne,
1587 1444 1776 1514 potestesse
1790 1445 1849 1504 im·

215 1505 285 1584 prid
298 1513 347 1569 est
358 1507 545 1588 dispensare
560 1511 593 1570 in
612 1511 682 1591 lege
698 1530 706 1570 ε
724 1527 799 1574 nam
808 1512 1004 1592 dispensatio
1058 1505 1232 1581 peditivum
1247 1509 1388 1571 melioris
1407 1510 1482 1571 boni
1505 1531 1514 1570 s
1538 1531 1613 1576 uam
1628 1518 1747 1579 bonum
1762 1538 1848 1584 com-

216 1585 343 1647 vidotur
362 1587 537 1666 importare
558 1589 732 1667 quamdam
760 1607 1005 1654 commensura-

215 1666 281 1725 tam
295 1665 571 1740 distributionem,
586 1667 637 1730 vel
651 1667 899 1746 applicationem
911 1686 1005 1732 cum-

215 1743 322 1804 munis
337 1745 473 1824 alicujus
488 1745 528 1807 ad
542 1761 581 1808 oa
595 1749 736 1824 quaesub
751 1747 822 1826 ipso
838 1747 1005 1810 eontinen-

215 1827 285 1895 tur;
300 1839 358 1900 per
371 1839 467 1901 quem
479 1823 609 1886 modum
622 1823 739 1886 dicitur
748 1825 866 1904 aliquis
877 1825 1005 1904 dispen-

216 1913 290 1962 sare
304 1902 412 1962 elbum
426 1901 565 1964 tamilla.

255 1978 405 2041 Similiter
427 1985 536 2042 autem
557 1981 611 2042 ille
631 1981 688 2059 qui
710 1986 816 2055 vovet,
840 1982 1006 2060 quodam-

215 2057 308 2118 modd
316 2059 377 2120 sibi
388 2059 619 2138 statuitlegem,
630 2060 776 2139 obligans
786 2079 821 2122 se
829 2061 869 2122 ad
883 2061 925 2122 ali
949 2061 1005 2122 uid

215 2134 301 2212 quod
316 2142 364 2198 est
378 2137 553 2199 seeundum
575 2155 610 2198 se
629 2142 661 2198 et
680 2139 763 2199 utin
778 2139 925 2216 pluribus
962 2156 1006 2201 o-

216 2229 305 2274 num.
318 2216 541 2277 Potesttamen
551 2216 736 2294 contingere
749 2216 835 2294 qudd
850 2217 882 2278 in
894 2216 1005 2308 aliquo

1057 1601 1156 1646 mune
1167 1588 1216 1647 est
1230 1585 1368 1648 divinius
1382 1587 1480 1666 qnam
1490 1591 1611 1652 bonum
1620 1597 1728 1658 unies.
1743 1602 1849 1663 Potest

1057 1665 1165 1723 autem
1193 1681 1251 1742 per
1277 1667 1509 1729 continentiam
1536 1671 1672 1750 alicujus
1700 1678 1847 1754 impediri

1057 1740 1178 1803 bonum
1199 1744 1297 1804 totins
1320 1745 1557 1810 multitudinisr
1582 1750 1661 1828 putri
1675 1753 1702 1813 si
1717 1758 1848 1832 quando

1057 1835 1116 1896 per
1129 1824 1328 1884 contractum
1351 1825 1545 1886 matrimonii
1567 1828 1751 1906 aliquarum
1768 1853 1849 1912 per-

1057 1914 1299 1979 senarumque
1313 1903 1542 1966 continentiam
1552 1915 1724 1982 voverunt,
1740 1919 1849 1990 posset

1057 1993 1124 2054 pax
1150 1981 1262 2056 patria
1291 1984 1471 2058 procurari.
1494 1985 1580 2063 Ergo
1609 1987 1735 2050 videtur
1759 1991 1848 2068 qndd

1057 2056 1197 2210 ῧὲιέἒηᾶἓι
1206 2058 1342 2119 solemni
1352 2064 1428 2122 roto
1443 2063 1650 2126 continentie
1663 2069 1767 2147 possit
1779 2070 1850 2133 dis-

1096 2210 1127 2270 2.
1142 2213 1309 2288 Praeterea,
1320 2215 1415 2276 latria
1426 2221 1475 2276 est
1484 2219 1623 2280 nobilior
1636 2223 1738 2285 virtus
1747 2223 1848 2303 qudm

215 2308 294 2353 casu
315 2293 357 2354 sit
378 2295 430 2354 vel
450 2293 637 2386 simpliciter
655 2295 795 2367 malurn,
814 2294 1004 2368 selinunte,

215 2370 267 2429 rel
279 2369 411 2464 majoris
426 2371 502 2432 boni
515 2369 752 2447 impeditivum3
767 2371 852 2448 quod
867 2376 917 2432 est
929 2389 1005 2434 con·

215 2449 266 2508 tra
277 2455 436 2512 rabonem
450 2449 518 2529 ejus
533 2448 618 2526 quod
633 2449 717 2510 cadit
731 2451 792 2510 sub
807 2453 898 2521 vob,
913 2455 950 2510 ut
964 2469 1005 2512 ex

215 2525 373 2603 predictis
388 2531 487 2605 patet,
503 2531 563 2590 art.
581 2526 601 2584 a
620 2526 716 2607 bujus
732 2545 788 2605 qu.
802 2527 843 2588 Et
856 2526 927 2588 ided
945 2547 1006 2590 ne-

214 2621 304 2666 cesse
318 2611 368 2667 est
385 2605 471 2685 qudd
486 2604 716 2667 determinetur
729 2606 762 2666 in
778 2606 834 2666 tali
848 2621 925 2668 casu
942 2623 1005 2668 ro·-

215 2683 284 2743 tum
296 2701 361 2745 non
377 2701 447 2745 esse
462 2681 669 2745 servandum.

1058 2290 1199 2381 castitas.
1223 2289 1282 2352 Sed
1304 2292 1331 2352 si
1355 2294 1428 2370 quis
1443 2298 1568 2357 voverit
1583 2299 1725 2376 aliquem
1739 2308 1847 2366 aetum

1058 2366 1181 2443 latriae,
1203 2369 1282 2448 puta
1294 2370 1411 2433 oiicrre
1428 2373 1497 2434 Deo
1514 2376 1725 2452 sacrificium,
1743 2386 1849 2459 potest

1057 2444 1161 2507 initio
1174 2454 1250 2509 roto
1260 2449 1451 2527 dispensari.
1464 2452 1550 2532 Ergo
1564 2454 1777 2538 multomagis
1790 2477 1847 2539 po·

1058 2527 1119 2585 test
1132 2525 1309 2604 dispensari
1329 2528 1361 2587 in
1377 2534 1451 2591 voto
1466 2531 1682 2609 continentiae,
1696 2538 1782 2614 quod
1799 2545 1848 2602 est

1058 2603 1097 2664 de
1112 2610 1186 2666 actu
1201 2606 1367 2668 castitatis.

1096 2681 1126 2741 3.
1148 2685 1324 2757 l‘raeterea,
1346 2686 1429 2747 sieut
1450 2691 1560 2747 votum
1574 2689 1777 2756 abstinentie
1791 2698 1848 2756 ob·

1057 2765 1221 2823 serratum
1243 2767 1493 2843 potestrergere
1518 2765 1551 2825 in
1576 2769 1754 2844 pericnlum
1775 2791 1848 2850 per·

1057 2855 1163 2913 soum,
1178 2840 1225 2902 ita
1239 2842 1336 2903 etiam
1349 2845 1533 2905 observatio
1549 2847 1613 2905 voti
1628 2849 1844 2914 continentiae.

1056 2917 1116 2976 Sed
1135 2918 1168 2979 in
1186 2923 1262 2979 voto
1276 2920 1495 2996 abstinentie,
1518 2923 1544 2983 si
1562 2930 1674 3004 vergat
1687 2927 1719 2987 in
1734 2946 1847 3009 eorpo-

1057 2996 1124 3056 rale
1138 2996 1317 3075 periculum
1333 2999 1495 3071 voventis,
1512 3006 1616 3080 potest
1630 3003 1697 3065 lieri
1717 3007 1846 3085 dispen-

1055 3074 1149 3136 satio.
1186 3075 1272 3158 Ergo
1308 3079 1405 3139 etiam
1436 3078 1507 3157 pari
1540 3082 1667 3145 ratione
1699 3085 1732 3147 iu
1771 3084 1846 3149 rote

1056 3155 1260 3217 continentias
1279 3161 1385 3233 potest
1403 3156 1593 3236 dispensari.

1094 3231 1125 3293 t.
1155 3234 1332 3308 Preterea,
1359 3236 1443 3296 sieut
1463 3237 1524 3297 sub
1549 3240 1749 3316 professione
1770 3245 1846 3305 reli·

1055 3312 1845 3461 sistatis‘tiltltttt¹⁰llt¹tlts⁰⁰ttllt

1487 3436 1496 3463 i

1055 3470 1253 3545 paupertatis
1272 3473 1304 3529 et
1322 3469 1521 3530 obedientie.
1543 3471 1603 3531 Sed
1622 3474 1655 3532 in
1672 3478 1748 3536 vote
1763 3494 1845 3554 pau·

253 2761 329 2823 Etsi
339 2763 468 2841 quidem
478 2761 624 2824 absolute
634 2761 862 2824 determinetur
873 2763 1004 2840 aliquod

214 2846 324 2901 votum
337 2858 403 2902 non
418 2857 488 2902 esse
502 2840 708 2914 servandum,
724 2841 840 2903 dicitur
853 2859 924 2903 esse
937 2841 1005 2902 dis-

213 2920 360 2998 pensatio
383 2919 466 2992 soti;
492 2919 519 2980 si
540 2923 648 2980 autem
671 2920 906 2998 probocquod
929 2937 1005 2979 scr-

214 2997 353 3058 vandum
368 3001 453 3072 erat,
469 2997 589 3076 aliquid
604 2998 692 3058 aliud
706 2998 902 3076 imponatur,
920 2999 1004 3060 dici·

213 3081 267 3137 tur
281 3077 489 3139 commutatio
506 3077 581 3139 voti.
604 3076 691 3139 Unde
707 3074 812 3139 minds
828 3081 878 3141 est
894 3081 1003 3139 cuturn

213 3161 412 3219 commutare
421 3154 520 3235 quam
530 3156 648 3217 involo
658 3156 864 3235 dispensare,
879 3163 1003 3218 utrum-

212 3252 277 3311 que
292 3240 399 3297 tamen
414 3236 447 3295 in
462 3238 618 3313 potestate
630 3234 779 3296 Ecclesiae
792 3235 948 3296 consistit.

254 3314 301 3374 Ad
324 3314 463 3392 primum
484 3329 561 3393 ergo
584 3312 751 3374 dicendum
775 3312 860 3391 qudd
882 3312 1003 3377 animal

212 3392 299 3468 qnod
313 3392 472 3454 immolari
485 3396 621 3470 poterat,
638 3408 677 3451 es
693 3392 753 3453 hoc
766 3392 836 3470 ipso
847 3392 933 3469 quod
947 3408 1003 3454 vo·

213 3472 364 3544 rebatur,
381 3474 527 3533 sanctum
541 3471 767 3547 reputabatur,
783 3472 877 3547 quasi
893 3470 1002 3531 divino

213 3550 313 3611 cultui
328 3550 561 3628 mancipatum
577 3552 608 3608 et
620 3548 687 3608 lrree
700 3551 770 3609 erat
795 3549 879 3609 ratio
899 3564 1002 3626 quare

212 3644 278 3689 non
293 3632 419 3765 poterat
429 3626 617 3689 commutari
630 3646 639 3697 3
654 3627 738 3688 sient
750 3642 808 3687 nec
820 3625 915 3686 modb
928 3643 1002 3703 pos-

1055 3630 1143 3700 patet
1162 3625 1196 3684 in
1216 3624 1353 3703 illisqui
1372 3630 1446 3703 post
1466 3626 1698 3704 protessionem
1712 3632 1752 3693 ad
1766 3634 1844 3712 epi-

213 3710 262 3767 set
275 3724 293 3767 a
309 3707 392 3784 iquis
407 3724 476 3766 rem
488 3722 586 3783 quam
596 3704 695 3778 vovit,
704 3704 771 3784 jam
781 3708 1001 3765 consecratam

1054 3706 1221 3840 sscopatnm
1247 3706 1585 3799 assumuntumErgo
1609 3708 1737 3804 videtur
1754 3711 1843 3807 qudd

1068 3780 1260 3921 nnssgsrliemm
1297 3788 1371 3843 roto
1406 3788 1611 3848 continentiae
1643 3793 1746 3866 possit
1774 3790 1844 3853 dss-

1053 3877 1151 3999 peSed
1166 3944 1277 4001 contra
1298 3945 1346 4001 est
1362 3941 1448 4017 quod
1460 3941 1578 4004 dicitur
1596 3943 1694 4006 Ecoli.
1707 3945 1758 4018 aa,
1775 3946 1840 4011 ae:

1053 4016 1161 4079 Omnis
1168 4018 1356 4097 ponderatio
1370 4037 1436 4080 coa
1447 4027 1491 4080 est
1507 4020 1604 4100 dipsa
1618 4024 1727 4086 enimse
1740 4027 1843 4087 couti·

213 3784 304 3863 (puta
319 3785 450 3847 calicem
462 3784 513 3845 vel
527 3780 669 3862 domum)
680 3787 877 3844 commutare
890 3783 923 3842 in
936 3798 1002 3842 me-

212 3864 289 3935 lius,
304 3864 355 3925 vel
379 3865 411 3924 in
435 3863 542 3941 pejus.
558 3862 686 3923 Animal
706 3866 813 3922 autem
835 3861 921 3939 quod
935 3878 1000 3922 non

211 3948 339 4021 poterat
352 3940 555 4012 sanctificari,
571 3940 648 4019 quia
662 3957 727 4001 non
742 3944 810 4000 erut
824 3939 1002 4001 immolati-

211 4021 304 4094 tium,
318 4020 431 4083 redimi
446 4024 571 4113 poterat
584 4024 616 4080 et
628 4018 773 4089 debebat,
788 4018 871 4078 sicut
884 4017 1001 4078 ibidem

211 4099 266 4161 lex
280 4099 365 4161 dicit.
385 4098 425 4159 Et
447 4102 490 4160 sta
505 4099 602 4159 etiam
616 4114 703 4158 nune
716 4096 904 4157 commutari
919 4113 1001 4173 pos·
1052 4096 1166 4157 uentis.

212 4182 289 4241 suut
301 4184 387 4249 vota,
403 4178 430 4239 si
445 4176 645 4240 consecratio
657 4191 722 4236 nou
734 4174 936 4236 interveniat.
1091 4176 1264 4247 Praeterea,
1281 4182 1373 4237 extra
1387 4175 1426 4236 de
1438 4175 1528 4237 Statu
1543 4176 1712 4252 monaca,
1728 4180 1760 4239 iu
1775 4179 1840 4241 tine
1893 4243 1901 4256 ‚

253 4257 299 4317 Ad
310 4254 662 4319 secundumdicendum
679 4252 764 4332 qudd
777 4252 859 4314 sicut
873 4270 914 4313 ex
926 4252 999 4332 jure
1051 4254 1138 4315 illius
1151 4254 1326 4315 Decretalis
1341 4274 1349 4313 τ
1364 4251 1442 4315 Cdm
1455 4253 1497 4313 nd
1508 4256 1738 4326 monasterium,
1756 4256 1842 4319 dici-

211 4336 352 4399 naturali
380 4338 412 4395 et
438 4339 596 4412 praecepto
623 4332 730 4393 divino
756 4334 883 4392 tenetur
903 4332 1000 4391 bomo
1052 4330 1369 4411 tnrzitbdicatiopro
1411 4332 1842 4400 ietatis,eicatetiemcueto·

211 4415 345 4492 implere
358 4418 489 4484 votum,
505 4412 549 4473 ita
564 4412 659 4473 etiam
680 4414 807 4471 tenetur
821 4426 860 4469 ex
880 4408 1000 4470 eisdem
1052 4411 1104 4471 dic
1121 4410 1294 4475 castitatis,
1310 4410 1366 4469 ude
1399 4416 1582 4471 necessest
1599 4411 1713 4488 repete
1725 4430 1842 4474 mona-

119 4533 125 4545 ·
211 4494 341 4556 obedire
368 4490 571 4569 superiorum
595 4488 670 4569 legi,
699 4487 752 4549 vel
777 4486 938 4549 mandato.
961 4488 1001 4547 Et
1052 4486 1151 4556 ebuli,
1176 4496 1347 4548 utcontra
1372 4505 1436 4547 eam
1457 4506 1513 4548 aee
1537 4492 1842 4574 romanuspontifex

211 4575 319 4635 tamen
343 4567 416 4632 cdm
438 4569 643 4646 dispensatur
660 4567 693 4626 in
721 4564 831 4643 aliqud
853 4565 882 4626 le
904 4566 1001 4627 ebu—
1046 4564 1501 4645 possitliceetiumiedutpere.

210 4650 328 4722 mana,
348 4665 414 4709 non
435 4648 519 4707 litut
536 4646 598 4724 legi
621 4646 770 4706 humane
784 4660 850 4704 non
863 4584 1000 4705 cicuta-
1090 4644 1279 4722 ltespondeo
1293 4642 1461 4706 dicendum
1473 4644 1558 4723 qudd
1571 4646 1605 4706 in
1619 4646 1754 4710 solemni
1766 4653 1842 4711 roto

210 4734 282 4804 tur,
304 4726 391 4809 qnod
413 4731 462 4788 est
475 4729 587 4787 eontra
601 4724 704 4803 legem
718 4728 842 4783 naturae
860 4725 892 4783 et
904 4738 1000 4783 man·
1051 4722 1257 4786 continentie
1268 4722 1330 4784 tria
1345 4729 1480 4802 possunt
1493 4724 1690 4786 considerari
1710 4744 1719 4786 r
1734 4725 1841 4806 primb

210 4810 321 4871 datum
334 4806 498 4867 divinum:
513 4803 568 4865 sed
582 4802 617 4863 tit
629 4805 666 4863 ut
678 4801 740 4861 boc
750 4799 836 4877 quod
850 4802 920 4860 erut
932 4800 997 4871 lex,
1073 4801 1180 4863 uidem
1194 4801 1329 4862 materia
1344 4802 1429 4875 voti,
1444 4802 1564 4863 scilicet
1582 4803 1654 4884 ipsa
1673 4805 1840 4875 eontinen-

211 4904 277 4949 non
292 4886 334 4947 sit
347 4886 400 4946 lex
413 4884 447 4943 in
462 4883 524 4945 boe
537 4898 625 4944 casu.
637 4882 685 4943 lta
699 4879 795 4941 etiam
809 4880 999 4939 auctoritate
1050 4886 1113 4953 tra;
1138 4880 1279 4941 secundo
1299 4880 1496 4959 perpetuitas
1520 4882 1596 4955 voti,
1620 4882 1742 4947 scilieet
1763 4880 1839 4947 edm

211 4964 387 5045 superioris
411 4960 626 5040 dispensantis
640 4959 675 5020 tit
695 4962 731 5019 ut
744 4957 806 5019 boc
818 4954 905 5035 qnod
918 4972 1000 5017 con·
1051 4958 1169 5038 aliquis
1190 4962 1264 5019 roto
1285 4976 1319 5020 se
1335 4959 1504 5038 adstringit
1518 4960 1557 5022 ad
1593 4966 1759 5040 erpetnam
1773 4965 1840 5025 ob—

209 5044 375 5105 tinebatur
400 5042 460 5103 sub
489 5045 587 5111 voto,
616 5055 681 5099 11011
712 5033 932 5109 imminemus,
964 5034 998 5094 in
1051 5039 1223 5101 servatiam
1234 5036 1559 5109 eontinentiae3tertid
1569 4980 1639 5117 ipsa
1650 5040 1839 5103 solemnitas

209 5125 370 5209 quantum
392 5120 622 5182 determinatur
642 5117 675 5177 in
690 5116 751 5176 boc
765 5128 842 5175 casu
857 5114 919 5175 boc
932 5130 998 5174 nou
1052 5117 1128 5178 voti.
1149 5116 1267 5178 Dicunt
1292 5132 1370 5196 ergo
1393 5114 1524 5193 quidam
1546 5116 1632 5209 qudd
1656 5123 1766 5181 votnm
1786 5136 1840 5179 so·

211 5217 362 5264 esseron
403 5215 479 5261 uam
500 5197 667 5258 materiam
687 5194 765 5255 voti.
788 5190 827 5251 Et
840 5190 911 5253 ided
925 5188 995 5253 edm
1051 5196 1156 5258 temne
1171 5198 1221 5258 est
1235 5194 1484 5274 indispensabile
1499 5200 1626 5258 ratione
1639 5197 1741 5276 ipsius
1755 5212 1839 5257 eon-

209 5281 362 5359 prtelatus
403 5276 525 5339 eclesie
534 5275 697 5353 dispensat
710 5272 744 5332 in
758 5275 845 5343 roto,
860 5285 925 5330 nou
935 5269 998 5356 dis·
1051 5274 1205 5348 tinentiae,
1220 5290 1294 5353 qna
1307 5290 1372 5334 non
1387 5273 1501 5351 recipit
1512 5273 1704 5366 condignam
1721 5291 1839 5335 reeom·
1858 5345 1863 5363 ι

210 5363 326 5438 pensat
345 5358 378 5418 in
397 5358 556 5435 praecepio
574 5352 657 5433 iuris
682 5348 860 5421 1111111111,
882 5350 933 5409 Vel
948 5347 1000 5407 dr·
1074 5353 1283 5425 ensationem,
1296 5355 1480 5431 utpatetex
1493 5356 1684 5414 auctoritate
1696 5352 1837 5415 inducta.

211 5438 296 5511 vini;
318 5436 374 5500 sed
397 5434 587 5496 determinat
612 5430 643 5493 id
669 5428 756 5510 quod
778 5427 912 5489 cadebat
937 5428 999 5488 sub
1051 5372 1150 5513 Rujus
1166 5432 1325 5493 rationem
1343 5429 1473 5509 qnidam
1497 5430 1675 5509 assignant,
1689 5430 1767 5509 quin
1781 5444 1843 5507 per

209 5517 406 5596 obligatione
415 5510 654 5575 deliberationis
667 5509 829 5581 hnmanae,
845 5522 918 5583 qua
932 5522 998 5568 uon
1052 5510 1280 5573 continentiam
1300 5508 1396 5570 bomo
1417 5508 1593 5587 triumphat
1605 5507 1644 5570 de
1664 5508 1838 5573 domestice

174 5650 183 5665 ,
207 5594 312 5673 potnit
325 5592 434 5654 omnia
448 5590 701 5669 circumspicere.

250 5674 297 5735 Ad
319 5672 448 5733 tertium
469 5669 636 5731 dicendum
650 5664 736 5746 qudd
755 5663 795 5726 ad
809 5661 999 5725 fidelitatem
1088 5674 1127 5758 (t)
1146 5670 1485 5729 recommemorata
1501 5670 1594 5728 ilcan.
1610 5673 1691 5730 babet
1704 5673 1732 5729 iu
1745 5682 1838 5743 textu,

207 5751 276 5815 neo
289 5750 428 5815 debitam
447 5764 512 5808 non
532 5749 670 5825 pertinet
688 5743 775 5824 qudd
787 5744 883 5806 bomo
898 5740 994 5806 lactan
1050 5746 1085 5803 ad
1099 5746 1236 5811 modeim,
1251 5742 1299 5799 sed
1313 5742 1340 5797 in
1352 5742 1481 5813 mumius,
1494 5744 1528 5798 cd
1539 5747 1688 5800 comtum.

349 5848 482 5911 Suasa.
500 5845 555 5906 lll.
1524 5834 1778 5913 (Vicat-drea.)

1054 3546 1186 3622 portatis
1199 3551 1230 3608 et
1243 3546 1431 3608 obedientiae
1444 3552 1549 3626 potest
1559 3548 1750 3628 dispensari,
1762 3556 1844 3618 sient
1965 3574 1972 3587 ·
