4067 6175
181 312 236 369 353
734 302 870 375 QUAEST.
883 303 975 363 xlttt.
994 304 1040 361 bb
1059 303 1247 362 mamaea.
1763 309 1816 369 354

182 426 261 483 rant
282 421 450 497 peccatum
471 415 598 479 reniale
623 432 694 476 esse
712 416 974 477 committendum
1070 414 1815 499 Respondoodimndumqubdeircatemporatia

182 503 316 578 propter
331 496 496 557 vitandum
511 494 710 557 scandalum.
726 496 784 555 Sed
795 495 858 557 hoc
868 496 974 574 impii-
1031 496 1114 557 bona
1127 488 1385 572 distinguendum
1399 500 1459 557 est.
1474 496 1538 557 Aut
1556 498 1642 557 enim
1659 504 1734 561 sunt
1754 518 1816 563 no-

183 584 235 639 rat
257 574 442 647 eontraria;
465 575 493 635 si
517 574 603 635 enim
625 571 807 633 laciendum
826 578 893 648 est,
906 576 975 652 jam
1028 578 1112 645 stra,
1135 578 1190 633 aut
1212 577 1288 633 sunt
1309 574 1400 635 nobis
1421 574 1461 635 ad
1481 575 1735 638 conservandum
1758 596 1817 655 pro

183 660 314 717 nonest
329 654 584 729 mammemque
599 655 783 729 peccatum3
804 668 878 713 nam
893 670 976 730 pec··
1028 651 1099 711 aliis
1114 650 1304 723 commissa;
1321 650 1402 711 sicut
1415 652 1499 713 bona
1511 652 1660 715 Ecclesie
1674 656 1817 715 commit·

182 739 292 797 catum
315 748 381 791 non
405 736 508 807 potest
535 747 607 792 esee
633 730 784 808 eligibile.
811 730 974 809 Contingit
1028 729 1304 807 tunturpraelatis‚
1321 742 1352 791 et
1366 730 1451 791 bona
1474 732 1657 793 eommunia
1674 734 1817 809 quibus-

182 818 294 873 tamea
308 809 431 887 aliquid
447 814 577 887 propter
590 808 735 886 aliquam
757 808 975 870 circumstan-
1027 825 1165 886 cumque
1176 807 1358 901 reipublicae
1368 808 1546 870 rectoribus
1557 830 1565 885 ;
1577 815 1607 871 et
1618 811 1728 872 talium
1741 828 1818 872 con·

182 892 263 952 ham
285 905 351 949 non
371 905 444 949 esse
462 892 629 965 peccatum
644 887 790 960 reniale,
815 887 902 963 quod
918 886 975 951 ma
1027 888 1185 958 servatio,
1204 891 1286 947 sicut
1305 890 1337 946 et
1348 886 1584 963 depositorum,
1603 888 1749 949 imminet
1766 890 1815 951 his

182 964 426 1030 circumstantia
439 965 568 1027 sublata
589 969 754 1043 peccatum
770 966 895 1028 reniale
915 983 976 1027 es-
1027 966 1145 1041 quibus
1170 970 1246 1025 suot
1271 966 1442 1027 commissa
1474 984 1515 1026 cx
1543 967 1756 1040 necessitate3
1785 974 1816 1029 et

182 1050 251 1120 set3
266 1046 351 1108 sicut
364 1046 498 1106 verbum
508 1044 655 1123 jocosum
672 1048 721 1103 est
739 1053 904 1120 peccatum
917 1062 970 1106 re·
1027 1043 1098 1103 ideo
1110 1060 1174 1103 non
1188 1047 1404 1121 suntpropter
1416 1044 1601 1105 scandalum
1616 1045 1815 1119 dimittenda,

182 1125 292 1198 niele,
320 1124 452 1202 quando
473 1124 597 1214 absque
620 1121 760 1184 utilitate
782 1122 918 1194 dicitur;
945 1123 974 1183 si
1027 1122 1177 1183 sicutnec
1187 1122 1249 1183 alia
1264 1130 1423 1199 quesunt
1437 1122 1474 1180 de
1486 1124 1675 1185 necessitate
1689 1126 1815 1186 salutis.

182 1208 293 1267 auum
314 1219 355 1263 ex
370 1198 470 1263 causa
489 1200 675 1261 rationabili
697 1199 891 1277 proteratur,
908 1218 974 1262 non
1067 1200 1269 1279 Temporalia
1283 1200 1359 1261 verb
1377 1202 1459 1261 bona
1475 1218 1611 1277 quorum
1628 1218 1685 1263 nos
1704 1220 1816 1266 cuntur

183 1287 233 1345 est
250 1280 410 1352 otiosum,
426 1296 532 1356 neque
552 1284 728 1357 peccatum.
744 1280 896 1352 Quamvis
909 1295 976 1340 au-
1026 1277 1157 1352 domini,
1173 1280 1342 1350 dimittere,
1359 1294 1395 1339 ea
1411 1279 1591 1352 tribuendo,
1608 1281 1633 1340 si
1646 1280 1744 1359 pende
1757 1298 1817 1343 nos

183 1366 249 1423 tem
272 1376 331 1437 per
351 1362 520 1436 peccatum
536 1357 663 1419 veniale
676 1359 781 1436 gratia
795 1374 860 1418 non
875 1358 976 1420 tolla·
1027 1372 1065 1417 ea
1077 1357 1262 1430 habeamus,
1275 1358 1324 1418 vel
1336 1374 1400 1417 non
1410 1358 1593 1435 repetendo,
1603 1360 1629 1419 si
1641 1360 1725 1437 apud
1735 1361 1817 1423 atior

185 1442 250 1513 tur,
260 1455 319 1515 per
329 1452 427 1514 quam
439 1440 488 1496 est
500 1435 758 1508 bominissalus;
773 1436 975 1514 inquantum
1027 1436 1102 1505 sint,
1118 1442 1248 1513 propter
1264 1436 1461 1509 scandatum,
1477 1437 1671 1514 quandoque
1687 1438 1816 1514 quidem

188 1520 293 1578 umen
309 1515 434 1577 reniale
446 1514 586 1591 disponit
599 1514 640 1577 ad
656 1515 811 1589 mortale3
827 1517 974 1595 vergilia
1026 1514 1196 1588 debemus,
1223 1514 1418 1592 quandoque
1441 1520 1548 1575 autem
1573 1530 1650 1577 non.
1675 1516 1706 1576 Si
1730 1518 1816 1577 enim

184 1594 411 1655 detrimentum
422 1594 548 1654 salutis.
1027 1592 1213 1654 scandalum
1230 1610 1272 1653 ex
1286 1592 1347 1653 hoe
1363 1593 1488 1653 oriatur
1506 1596 1636 1671 propter
1655 1594 1818 1673 ignoran-

184 1676 365 1734 Arrrcocus
383 1689 452 1732 νιιι.
472 1704 511 1715 -
528 1670 641 1733 diram
649 1672 975 1751 propterrcoodutum
1027 1672 1121 1743 tiam,
1141 1672 1190 1731 vei
1209 1670 1425 1733 infirmitatem
1444 1671 1599 1744 aliorum,
1617 1673 1703 1746 quod
1718 1690 1816 1750 supra

223 1753 290 1812 rint
305 1749 490 1829 temporatia
503 1749 699 1811 dimittendo.
711 1784 748 1795 —-
768 1750 811 1831 (le,
827 1750 901 1811 dist.
921 1749 972 1822 38,
1025 1748 1178 1823 diximus,
1193 1754 1254 1811 art.
1269 1766 1376 1828 praec,
1392 1766 1463 1811 esse
1478 1749 1662 1811 scandalum
1679 1752 1817 1827 pusillo-

222 1838 331 1909 quoert.
350 1830 379 1901 1,
394 1836 455 1888 ort.
474 1826 505 1902 i,
517 1846 569 1907 qa.
587 1829 618 1900 3,
634 1836 663 1889 et
676 1829 765 1890 Rom.
782 1828 831 1901 tt,
846 1829 916 1890 tect.
927 1828 974 1908 3.)
1026 1845 1110 1902 rum,
1127 1832 1203 1890 tunc
1218 1828 1268 1888 vel
1285 1828 1425 1890 totaliter
1437 1826 1621 1889 dimittenda
1638 1834 1713 1889 suot
1730 1834 1820 1890 tem-'

224 1909 272 1969 Ad
281 1914 430 1970 ocmram
439 1908 487 1969 sic
496 1908 691 1985 proceditur.
705 1908 733 1968 1.
745 1908 879 1971 Videtur
887 1907 975 1986 qubd
1025 1906 1166 1985 paratia,
1181 1907 1231 1969 vel
1245 1906 1339 1968 aliter
1353 1906 1539 1967 scandalum
1558 1911 1608 1967 est
1624 1906 1815 1982 sedandum,

183 1986 375 2065 temporalia
396 1986 462 2047 sint
481 1986 668 2048 dimittenda
684 1992 816 2064 proptor
831 1985 975 2049 scanda—
1026 1984 1146 2047 scilicet
1157 2003 1214 2064 per
1225 1985 1367 2061 aliquam
1380 1984 1639 2046 admonitionem.
1653 1984 1741 2047 Unde
1752 1988 1817 2047 Au-

184 2066 265 2125 lum.
279 2064 380 2144 idagis
393 2066 480 2126 enim
494 2064 646 2126 debemus
665 2064 798 2144 diligere
818 2066 976 2143 spiritua-
1026 2063 1174 2142 gustinus
1198 2062 1272 2125 dicit
1293 2064 1325 2123 iu
1349 2064 1403 2123 lib.
1424 2063 1496 2123 lde
1515 2062 1615 2123 Serm.
1635 2064 1761 2125 Domini
1783 2066 1816 2127 in

184 2144 248 2204 tem
274 2144 411 2205 salutem
437 2142 577 2220 proximi
593 2186 601 2214 ,
627 2160 701 2219 quae
721 2144 892 2221 impeditur
916 2160 975 2221 per
1026 2145 1145 2213 monte,
1160 2157 1230 2218 cap.
1243 2140 1293 2211 20,
1308 2140 1346 2201 ad
1359 2140 1415 2200 lin.
1431 2140 1597 2201 :Dandum
1611 2150 1654 2201 eet
1666 2142 1750 2221 qaod
1760 2160 1818 2203 aec

184 2223 374 2283 scandalum
404 2218 504 2298 quam
538 2237 751 2312 quecumque
785 2226 847 2281 tem
870 2222 975 2283 oralia
1027 2216 1100 2286 tibi,
1125 2236 1180 2278 aec
1203 2218 1297 2279 atteri
1316 2226 1439 2285 noceat,
1462 2217 1612 2297 quantam
1633 2219 1670 2281 ab
1695 2218 1818 2281 homine

184 2302 282 2361 bona.
297 2299 357 2360 Sed
371 2298 402 2359 id
419 2295 625 2375 quodminus
642 2296 696 2358 dili
722 2298 823 2370 mus,
859 2298 975 2358 imilli-
1027 2294 1111 2356 erecti·
1119 2303 1242 2375 potest:
1258 2303 1286 2355 et
1301 2294 1353 2356 cai
1365 2298 1525 2375 reponeris
1537 2296 1620 2375 quod
1630 2298 1721 2377 petit,
1733 2296 1818 2359 indi·

184 2396 258 2437 mus
273 2381 405 2458 propter
424 2376 455 2434 id
469 2376 557 2452 quod
571 2376 672 2453 magis
693 2316 867 2467 diligimus.
889 2376 975 2455 Ergo
1027 2373 1127 2434 careda
1138 2380 1182 2434 eet
1195 2373 1223 2434 ei
1230 2372 1376 2455 justitio:
1389 2382 1416 2435 et
1428 2372 1536 2435 melicis
1548 2375 1576 2437 ei
1586 2374 1706 2455 aliquid
1717 2374 1817 2444 dubie,

185 2454 377 2531 temporalia
395 2469 448 2514 ma
472 2455 499 2513 is
515 2454 668 2514 debemus
691 2454 850 2517 dimittere
865 2454 907 2515 ad
920 2455 977 2517 vi·
1027 2450 1095 2511 crim
1105 2458 1258 2545 petentem
1269 2451 1386 2531 injusti
1399 2452 1585 2513 correxeris.

186 2532 319 2593 tandum
331 2531 430 2593 acand
464 2548 518 2593 um
533 2534 767 2609 proximorum.
1066 2530 1247 2607 Aliquando
1260 2530 1335 2591 verb
1346 2532 1531 2593 scandalum
1543 2532 1687 2593 nascitur
1698 2550 1739 2593 ex
1749 2550 1819 2595 ma·

224 2610 255 2669 2.
279 2612 460 2683 Praeterea,
486 2607 664 2671 secundum
688 2611 835 2689 regulam
859 2611 977 2672 Hiero·
1025 2606 1111 2683 titia,
1130 2608 1216 2687 quod
1235 2613 1283 2669 est
1304 2608 1489 2670 scandalum
1512 2610 1764 2685 Pharisaeorum
1785 2616 1819 2673 et

184 2688 975 2848 titillet-‘'tabit‘'atttat‘‘additi
1025 2686 1819 2845 thiatbatthaitti'fld‘at‘atdtt

289 2808 298 2826 ·
362 2810 371 2825 ·
469 2814 473 2821 ¹
755 2810 765 2838 r
1515 2811 1522 2840 ι

184 2851 316 2922 poscunt
338 2785 538 2923 pretermisit
561 2845 649 2906 saled
674 2845 797 2924 triplici
821 2846 973 2916 veritate,
1026 2846 1208 2905 cerotbono
1220 2844 1382 2905 communi
1399 2842 1542 2926 (daretur
1556 2846 1640 2906 enim
1655 2846 1748 2907 malis
1761 2862 1819 2909 ra-

184 2931 258 2983 eaet
290 2924 591 3002 repterecendotom
609 2923 804 2985 dimittenda.
824 2923 884 2986 Sed
896 2930 975 2988 tem·
1025 2921 1133 3000 piendi
1148 2921 1300 3003 occasio),
1316 2928 1348 2985 et
1362 2928 1492 2985 noceret
1509 2923 1585 3001 ipsis
1603 2924 1816 3003 rapientibus,

185 2941 310 3078 porassa
324 3007 460 3079 poscunt
471 3003 668 3080 praetermitti
683 3003 774 3065 salsa
791 3004 908 3081 triplici
920 3020 975 3066 ve·
1050 3001 1081 3061 ui
1097 3000 1264 3063 retinendo
1278 3001 1395 3073 atiena,
1411 3002 1444 3062 in
1458 3007 1589 3081 peccato
1602 3010 1815 3067 remanerent.

185 3079 291 3142 ritate.
314 3080 401 3160 Ergo
417 3086 493 3142 sunt
516 3085 648 3161 propter
661 3081 848 3144 scandalum
868 3083 976 3145 dimit·
1025 3018 1114 3142 gude
1135 3078 1308 3161 Gregorius
1327 3080 1404 3144 dicit
1422 3081 1455 3142 in
1480 3080 1516 3142 31
1538 3082 1667 3155 Moral,
1691 3099 1761 3163 cap.
1783 3083 1815 3157 8,

186 3157 292 3221 tenda.
1026 3157 1112 3222 circa
1126 3159 1208 3220 med.
1222 3180 1229 3220 ι
1243 3159 1387 3236 Quidem,
1406 3159 1478 3221 dum
1495 3161 1678 3240 temporatia
1692 3161 1711 3222 d
1726 3161 1818 3225 oobir

224 3235 255 3297 3.
276 3239 452 3311 Praeterea,
465 3237 499 3300 in
523 3238 753 3316 temporalibus
775 3240 868 3301 bonis
894 3240 976 3301 nihil
1025 3238 1174 3317 rapiant,
1190 3238 1380 3300 solummodo
1403 3247 1477 3298 rant
1497 3239 1654 3300 tolerandi
1658 3261 1669 3310 ,·
1691 3241 1818 3319 quidam

185 3315 345 3395 estmagis
358 3317 576 3378 necessarium
586 3315 684 3395 quam
699 3317 801 3378 cibus.
815 3317 873 3379 Sed
883 3320 974 3381 cibus
1026 3317 1098 3400 oerd
1123 3317 1265 3397 equitate
1289 3317 1411 3378 ceramo
1432 3317 1636 3395 prohibendi,
1661 3335 1728 3380 ooo
1750 3319 1818 3380 sold

186 3399 236 3457 est
247 3396 533 3473 praetermittendus
549 3415 607 3474 pro
631 3401 681 3457 ter
700 3397 905 3468 scandalum,
921 3415 976 3458 se-
1028 3395 1103 3454 card
1118 3411 1156 3455 ne
1169 3403 1280 3455 nostro
1295 3393 1531 3470 subhabeatur,
1545 3394 1598 3456 sed
1610 3411 1649 3456 rte
1661 3396 1818 3476 rapientes

188 3470 574 3545 eunddmiundaom.1t,
587 3415 643 3534 lg:
653 3474 732 3536 Noti
743 3473 810 3534 cibo
822 3482 875 3535 tuo
886 3473 976 3536 ittam
1026 3490 1093 3532 aon
1106 3491 1163 3532 aaa
1179 3473 1355 3552 semetipsos
1364 3471 1512 3552 perdam.

185 3551 313 3631 perdere
329 3568 391 3631 pro
406 3569 467 3631 quo
490 3552 636 3614 Christus
652 3560 795 3613 mortuae
818 3560 862 3612 est
889 3554 976 3632 Ergo
1066 3551 1107 3611 Et
1122 3567 1179 3627 per
1192 3551 1253 3610 hoc
1266 3555 1353 3628 patet
1366 3550 1484 3611 solutio
1499 3549 1537 3612 ad
1552 3549 1704 3628 primum.

187 3631 287 3692 muitb
300 3646 352 3691 ma
375 3631 401 3690 is
416 3630 890 3708 omniaaliatemporaliasunt
901 3648 977 3709 pro-
1067 3628 1114 3688 ad
1142 3626 1318 3689 secundum
1340 3627 1508 3688 dicendum
1533 3628 1618 3707 qubd
1645 3627 1672 3689 sl
1697 3629 1818 3710 passim

187 3715 258 3786 pter
272 3649 461 3771 scanialum
474 3708 672 3770 dimittenda.
1027 3705 1265 3784 permitteretur
1279 3707 1372 3768 malis
1386 3706 1569 3768 hominibus
1585 3711 1621 3767 ut
1635 3707 1740 3772 aliena
1756 3725 1819 3772 ra-

226 3785 256 3846 i.
278 3787 451 3862 Praeterea,
468 3785 761 3865 temporalianuilo
780 3785 976 3848 convenieu·
1027 3787 1151 3862 pereat,
1162 3792 1307 3864 vergeret
1317 3784 1652 3848 hocindetrimentum
1661 3787 1817 3863 veritatis,

188 3866 363 3926 tiorimodo
378 3883 582 3939 conservare,
595 3870 652 3926 aut
665 3881 856 3942 recuperare
868 3881 978 3942 possu-
1027 3863 1099 3925 rite
1117 3868 1148 3924 et
1164 3862 1310 3944 justitiam
1325 3868 1356 3926 et
1374 3863 1444 3925 ideb
1458 3881 1523 3925 non
1543 3869 1669 3942 oportet
1687 3871 1818 3958 propter

188 3963 271 4017 mus,
287 3943 385 4020 quam
399 3963 457 4022 per
470 3943 629 4028 'udicium
642 3942 835 4022 Sedjudiciis
850 3944 895 4004 uti
910 3961 976 4005 non
1027 3941 1252 4022 quodcumque
1267 3943 1452 4005 scandalum
1468 3947 1530 4004 tem
1554 3943 1656 4006 oralia
1670 3944 1795 4006 dimitti.

189 4023 272 4093 licet;
284 4029 314 4082 et
345 3965 481 4100 raecipui
503 4021 976 4094 cumscanda103diciturenim
1067 4020 1115 4080 hd
1130 4021 1259 4082 tertium
1276 4021 1444 4083 dicendum
1460 3963 1551 4101 quotiJ
1561 4039 1625 4083 non
1640 4027 1688 4085 est
1707 4023 1746 4086 de
1764 4025 1819 4084 in-

188 4101 301 4161 ldatth.
321 4042 352 4171 E,
375 4100 415 4161 to
429 4121 437 4161 ε
451 4101 499 4163 Ei
517 4103 573 4182 qui
589 4102 658 4164 outt
680 4110 778 4162 tecam
799 4100 974 4182 injudicio
1027 4098 1321 4177 tentionedpostoli
1335 4117 1468 4162 monere
1480 4099 1565 4179 qubd
1578 4100 1666 4162 cibus
1677 4103 1818 4165 totaliter

190 4178 391 4248 contendere,
411 4187 439 4258 et
454 4181 591 4242 tunicam
615 4189 698 4242 tuom
719 4177 840 4255 tollere,
857 4180 976 4240 dimitte
1027 4183 1158 4256 propter
1176 4178 1361 4240 scandalum
1380 4178 1568 4249 dimittatur,
1589 4180 1666 4256 quia
1688 4197 1817 4242 sumere

191 4257 218 4318 ei
233 4266 260 4316 et
276 4257 408 4336 pellium
420 4279 430 4326 ,·
443 4266 474 4318 et
487 4260 502 4319 1
516 4260 556 4321 ad
568 4259 712 4321 Corinth.
726 4258 756 4329 a,
771 4259 791 4317 7
805 4278 813 4317 :
826 4251 899 4319 Iam
913 4259 978 4338 qui·
1028 4255 1133 4316 cibum
1157 4261 1205 4317 est
1225 4257 1263 4318 de
1288 4259 1475 4318 necessitate
1497 4257 1629 4328 salutis,
1652 4257 1707 4316 sed
1729 4259 1816 4334 qubd

190 4335 256 4395 dem
270 4337 395 4397 omaiad
411 4336 556 4398 delictum
571 4347 614 4397 est
628 4338 663 4398 ia
677 4334 774 4402 vohis,
792 4336 977 4416 quddjadi-
1028 4335 1100 4396 talis
1120 4335 1209 4396 cibus
1227 4339 1275 4395 est
1293 4341 1424 4428 propter
1442 4334 1628 4395 scandalum
1650 4331 1817 4396 dimitten-

190 4412 368 4475 eiahabetir
381 4414 465 4475 ieter
485 4435 552 4477 eor.
573 4416 677 4492 Quare
693 4432 759 4476 aare
777 4417 876 4493 irrepis
887 4415 977 4495 tajo-
1028 4411 1370 4484 duS‚secund1lmriiud
1382 4413 1395 4472 1
1407 4413 1445 4474 ad
1456 4409 1569 4486 Cor.8,
1580 4410 1720 4473 litzNea
1729 4431 1816 4474 maa·

190 4494 270 4555 riom
282 4493 349 4554 acci
371 4492 446 4556 itis?
460 4511 554 4584 quare
566 4513 632 4555 ooo
645 4493 743 4572 inopis
753 4493 894 4574 fraudem
905 4511 974 4572 pa-
1028 4490 1145 4552 docebo
1162 4507 1282 4552 carnem
1298 4490 1334 4550 ire
1349 4499 1513 4558 aternam,
1529 4507 1568 4550 ae
1577 4491 1708 4562 fratrem
1718 4509 1817 4554 merem

191 4571 318 4634 rimini?
364 4588 422 4650 rgo
441 4572 567 4632 videtur
591 4573 675 4650 qudd
696 4572 885 4650 temporalia
912 4573 977 4633 sint
1027 4569 1244 4630 scandatizem.

191 4654 321 4731 propter
333 4649 520 4712 scandalum
536 4650 732 4710 dimittenda.
1067 4646 1114 4707 Ad
1127 4651 1277 4724 quartum
1290 4645 1456 4708 dicendum
1469 4645 1553 4724 qudd
1565 4645 1738 4709 secundum
1751 4647 1818 4711 Aa·

229 4727 260 4789 5.
283 4728 457 4799 Praeterea,
472 4727 555 4788 inter
577 4727 684 4787 carnia
706 4727 894 4805 temporalia
913 4726 977 4787 mi·
1028 4724 1248 4806 gustiuum,in
1259 4724 1313 4786 lib.
1327 4726 1342 4785 1
1354 4724 1391 4786 de
1402 4725 1639 4787 Sermllomini
1650 4725 1683 4786 in
1694 4732 1814 4803 monte,

190 4805 253 4869 ntis
269 4806 417 4868 ridentur
431 4805 616 4866 dimittenda
635 4823 707 4882 quae
728 4813 804 4866 sunt
817 4806 977 4884 spiritua·
1028 4821 1098 4880 cap.
1115 4803 1163 4875 19,
1177 4803 1254 4862 illud
1272 4809 1464 4882 praeceptum
1478 4805 1604 4866 Domini
1624 4809 1674 4866 est
1691 4805 1817 4867 intelli-

191 4886 275 4948 libus
292 4901 431 4948 annexa.
449 4883 509 4946 Sed
524 4885 674 4946 istasunt
693 4890 820 4960 propter
839 4885 977 4946 scanda—
1028 4881 1165 4962 gendum
1184 4877 1357 4942 secundum
1372 4884 1637 4960 preparationem
1653 4885 1764 4956 animi,
1780 4889 1818 4947 ut

190 4963 259 5026 lum
286 4963 481 5025 dimittenda.
507 4963 532 5022 A
556 4963 678 5024 ostolus
703 4963 787 5023 enim
813 4963 975 5024 seminans
1029 4959 1148 5022 scilicet
1164 4959 1260 5020 homo
1278 4961 1319 5022 sit
1334 4967 1465 5038 paratus
1482 4959 1571 5054 priris
1584 4962 1648 5040 pati
1664 4963 1816 5043 iniuriam

191 5041 383 5131 spiritualia,
397 4981 585 5120 temporalia
596 5041 826 5132 stipendia'non
841 5041 974 5132 accepit,
1028 5039 1079 5101 vel
1097 5037 1260 5132 fraudem,
1278 5037 1376 5117 quam
1392 5039 1547 5119 judicium
1565 5041 1688 5113 subire,
1709 5041 1735 5136 si
1755 5043 1817 5103 hoc

191 5117 977 5288 tradatdilatatititttlttdt‘tdt
1028 5118 1817 5276 tattltstttttthhietabatha·

190 5215 334 5336 Ecclesia
349 5293 382 5335 m
399 5275 562 5354 aliquibus
576 5276 670 5338 terris
689 5293 755 5336 aon
771 5277 870 5356 exigit
888 5275 977 5337 deci-
1028 5275 1166 5355 gendum
1179 5279 1228 5336 est
1242 5277 1375 5336 verbum
1388 5276 1543 5352 Apostoli.
1564 5299 1567 5304 ·

192 5369 260 5415 mas
269 5371 329 5445 pro
353 5353 975 5434 terscandalumvitandum.Ergomultb
1068 5353 1116 5414 Ad
1147 5354 1296 5446 quintum
1323 5354 1490 5415 dicendum
1517 5352 1603 5430 quod
1629 5350 1816 5443 scandalum

191 5373 578 5573 hh'ihfiidihfflffl'ffi
591 5438 667 5496 Μ
690 5438 820 5512 ‘'¹⁰¹'‘⁰¹'
839 5434 977 5496 ⁵⁰²¹¹¹⁶³‘
1028 5430 1816 5587 athathdattrmataittttat:

232 5587 291 5648 Sed
303 5592 414 5650 contra
434 5591 483 5651 est
502 5589 588 5669 qubd
607 5591 718 5652 beatus
735 5589 873 5650 Thomas
894 5589 976 5651 Can·
1029 5591 1068 5650 lit
1082 5586 1152 5650 ideb
1164 5527 1204 5648 gd
1217 5555 1347 5666 tempus'
1357 5588 1579 5649 abstinendum
1589 5593 1669 5660 erat,
1680 5590 1718 5647 ut
1726 5583 1816 5664 prius

191 5664 364 5727 tuariensis
381 5665 506 5745 repetiit
520 5686 571 5729 res
582 5669 788 5730 ecclesiarum
799 5686 871 5730 cum
884 5686 976 5729 sean-
1030 5669 1268 5728 instruerentur
1280 5667 1342 5728 hoc
1356 5682 1427 5727 esse
1441 5665 1597 5739 debitum;
1613 5669 1645 5728 et
1662 5683 1703 5727 ex
1719 5663 1815 5726 simili

192 5743 265 5807 dato
282 5742 366 5820 reris
384 5743 527 5819 (baron,
540 5746 580 5808 ad
592 5762 669 5808 ann.
687 5745 775 5820 1163,
791 5763 878 5808 uum.
894 5747 938 5817 tlt.
1034 5741 1130 5810 :aura
1150 5744 1290 5809 Ecclesia
1307 5743 1446 5808 abstinet
1463 5743 1484 5808 d
1500 5743 1631 5808 decimis
1651 5743 1816 5822 exigendis
