4067 6175
268 349 339 404 «aa
711 336 844 396 saeue
862 331 1089 392 meomarcn
1106 329 1461 394 summissum.
1832 327 1903 406 run

270 487 285 518 a
307 457 431 520 dotabit
443 469 514 518 eam
530 455 599 516 iste·
609 451 670 516 vir.
687 446 846 529 quantum
867 445 1058 528 indicaverit
1114 445 1213 536 prolis
1238 447 1361 509 aliene.
1384 447 1502 510 Eadem
1528 445 1612 510 ratio
1634 449 1683 509 est
1701 445 1741 508 de
1765 448 1905 510 muliere

271 563 286 596 e
312 545 411 616 pater,
427 543 458 595 et
470 535 559 594 dabit
571 532 708 610 pretium
722 526 970 606 pudicitieejus.
981 526 1059 616 l'er·
1112 525 1283 662 corffugatd
1297 541 1370 604 que
1385 543 1442 603 per
1460 525 1652 586 adulterium
1671 526 1903 604 corrumpitur.

271 617 390 676 «tium
410 618 520 676 autem
546 616 606 681 est,
634 607 767 687 quando
794 605 940 666 aufertur
962 620 1003 674 er,
1028 605 1058 662 et
1111 602 1160 664 Ua
1183 603 1329 664 edicitur
1342 603 1440 666 Eccli.
1457 602 1511 676 23,
1526 602 1566 664 32
1581 622 1589 662 ε
1606 601 1713 665 Omnis
1728 603 1839 666 mulier
1852 622 1906 664 re·

273 693 448 756 «trnditur
464 689 556 751 alteri
578 688 617 748 de
640 686 805 748 voluntate
826 683 939 760 putris.
964 681 1059 743 »Vel
1113 679 1258 758 linquens
1286 682 1390 742 airum
1416 699 1506 742 saum
1510 724 1575 754 .....
1626 681 1759 744 errabit.
1791 681 1906 744 arena

271 776 378 852 potest
390 769 524 848 intelligi
534 767 574 828 de
590 766 738 840 itusque
752 761 907 826 suntaliis
921 761 1059 836 despon-
1113 759 1194 819 enim
1206 758 1242 820 io
1255 757 1318 838 depe
1332 759 1485 822 ditissimi
1498 760 1569 822 inor
1606 757 1906 840 litteralemque
1921 799 1924 819 ι

271 844 552 922 snte,elmarimd
568 862 626 922 per
636 845 733 905 verite
746 841 786 903 de
799 839 958 917 prasenti.
1113 837 1235 900 scilicet
1247 838 1431 916 precipitur
1450 839 1549 900 :Noa
1567 836 1778 907 mechaberis,
1795 845 1824 898 et
1849 858 1908 900 se-

310 929 358 990 tt
373 930 526 1005 quartum
537 918 802 996 dicendumqudd
813 935 950 996 sponsus
961 917 1060 994 exip-
1114 915 1218 976 condo
1232 915 1268 976 in
1282 917 1385 978 virum
1407 935 1497 980 suum
1515 915 1666 1008 deliquit,
1684 935 1727 979 ex
1743 933 1808 994 quo
1826 915 1908 979 lacit

271 1008 308 1070 sai
329 1002 575 1094 desponsatione
603 1001 708 1090 habet·
718 997 849 1075 aliquod
871 994 924 1088 jus
950 996 983 1056 in
996 993 1060 1086 sud
1113 1000 1225 1056 eontre
1241 995 1478 1086 ‘certitudinem
1505 995 1605 1074 protis
1632 994 1718 1086 aium
1742 995 1838 1086 tertid
1863 997 1907 1086 'in

271 1075 1060 1230 aaudiatlaltttttmttttlllu
1112 1071 1909 1244 dlllttiltlttatatadll„ltalla

273 1240 361 1304 Unde
377 1238 523 1301 Gelenius
540 1252 625 1314 papa
636 1234 711 1296 diclt
725 1233 875 1312 (habetur
892 1247 962 1307 cap.
979 1231 1055 1320 teo.
1113 1228 1223 1306 prolis.
1243 1227 1301 1290 Sed
1314 1231 1511 1308 primumest
1524 1247 1692 1292 commune
1702 1231 1735 1290 in
1750 1232 1908 1292 omnibus

269 1319 321 1384 at,
335 1321 449 1395 quest,
467 1317 482 1376 1
501 1334 509 1376 z
526 1315 594 1376 Lea
620 1311 679 1375 illo
695 1311 928 1391 preteritorum
938 1309 1061 1388 pnoei-
1113 1309 1251 1384 poccatis
1268 1309 1476 1377 mortalibus:
1500 1309 1565 1370 alia
1579 1307 1656 1370 verd
1668 1308 1732 1369 duo
1753 1309 1909 1400 speciali-

268 1415 345 1478 pom
363 1394 408 1458 idi
431 1400 557 1472 rapturo
580 1391 665 1454 dixit
695 1408 757 1450 esre
778 1387 980 1454 commissum,
1006 1386 1061 1448 udi
1114 1388 1162 1446 tor
1179 1385 1339 1462 pertinent
1350 1387 1389 1450 ad
1400 1386 1631 1448 deformitatem
1643 1385 1800 1448 adulterii.
1813 1386 1909 1449 Unde

269 1472 390 1554 puella.
405 1473 441 1534 de
456 1471 545 1551 cujus
568 1479 639 1532 ante
659 1465 1061 1546 nuptiisaiitiloctsaosoe-
1114 1463 1318 1526 manilestum
1341 1470 1390 1528 ost
1407 1465 1493 1546 qudd
1518 1463 1711 1528 adulterium
1730 1469 1779 1524 est
1797 1465 1910 1526 deter-

268 1562 332 1620 rat.
345 1549 508 1614 oidedotar
522 1549 664 1611 obducta.
1113 1541 1235 1606 minato
1266 1543 1388 1620 species
1412 1545 1571 1618 luxurie,
1597 1545 1708 1620 utpote
1729 1543 1909 1620 specialem

271 1633 453 1692 demamus
471 1645 539 1689 rur.
556 1660 596 1672 -
610 1625 723 1688 lltrrim
736 1621 925 1711 adulterium
943 1621 987 1682 sit
1005 1621 1063 1682 de-
1113 1619 1347 1682 delormitatom
1362 1623 1482 1684 liabens
1496 1621 1581 1683 circa
1594 1626 1685 1684 aolus
1701 1639 1872 1684 venereos.

310 1709 477 1770 terminato
500 1704 614 1784 speeies
636 1703 773 1766 incuria
791 1700 828 1762 ab
850 1700 924 1761 altu
940 1699 1062 1760 distis-
1154 1699 1201 1758 Ad
1217 1701 1356 1776 primum
1379 1717 1457 1780 ergo
1490 1699 1658 1762 dicendum
1691 1698 1776 1778 qudd
1798 1699 1826 1760 si
1853 1701 1908 1759 itte

312 1796 428 1925 {lm
442 1779 889 1942 ‘ldl‘il‘li‘tilll’l
907 1777 938 1853 2’
960 1793 1059 1856 ‘ll’
1113 1776 1908 1936 lutaatlaaamaaaaataet

312 1937 782 2030 lldoctarumsicproceditnr.
795 1855 1062 2026 tilttetmquod
1114 1938 1146 1994 et
1165 1933 1211 1996 sic
1233 1951 1360 2026 semper
1383 1939 1429 1996 est
1448 1934 1661 2009 adulterium,
1685 1935 1761 2012 quia
1789 1941 1905 1996 contra

272 2020 466 2084 adulterium
484 2034 551 2078 non
566 2024 607 2078 srt
630 2015 843 2076 determinata
867 2029 990 2090 spectes
1004 2013 1063 2074 ln·
1114 2009 1206 2074 iidem
1218 2013 1416 2076 matrimonii
1430 2014 1515 2092 agit:
1531 2013 1582 2076 rel
1598 2030 1640 2074 ex
1652 2017 1743 2090 parte
1755 2013 1906 2074 mulieris

271 2099 375 2160 xuria
388 2100 431 2159 ab
446 2097 518 2158 aliis
532 2095 692 2155 distincta.
717 2093 842 2154 Dicitur
855 2091 942 2152 enim
962 2089 1063 2152 adul·
1114 2088 1153 2152 ad
1167 2106 1264 2166 quam
1277 2091 1417 2164 accedit;
1431 2096 1463 2152 ot
1478 2091 1526 2154 aio
1541 2089 1735 2168 quaudoque
1749 2095 1799 2154 est
1812 2091 1906 2152 adul-

272 2177 390 2237 terium
404 2193 447 2236 ex
464 2191 504 2235 eo
523 2172 611 2250 qudd
632 2171 749 2248 aliquis
765 2168 806 2231 ad
822 2169 956 2231 alteram
968 2185 1064 2230 acce-
1114 2167 1241 2240 terium,
1253 2168 1329 2246 putd
1348 2167 1420 2230 crim
1430 2169 1621 2248 conjugatus
1635 2169 1757 2231 accedit
1767 2169 1809 2230 ad
1822 2187 1909 2230 uxo-

272 2254 319 2316 dit
334 2258 449 2331 preter
471 2270 577 2320 eoam,
601 2251 685 2312 sicut
699 2249 774 2311 dicit
788 2247 933 2385 quodam
948 2247 1061 2312 Glosea
1114 2260 1182 2308 rem
1196 2245 1329 2310 alterius
1343 2267 1351 2308 =
1367 2249 1562 2388 quandoque
1574 2253 1682 2310 autem
1695 2247 1791 2308 habet
1805 2249 1909 2308 ratio-

273 2328 631 2472 <
812 2325 969 2481 aa

271 2431 327 2472 roa
450 2429 493 2470 s.-
718 2446 1060 2465 ....
1376 2421 1759 2466 remrermu
1877 2423 1911 2464 e-

209 2525 216 2536 ·
274 2489 377 2550 lisod.
392 2505 449 2564 qu.
463 2425 800 2563 71,amet.)3¹⁸etaua
818 2482 934 2546 mulier
948 2421 1064 2558 preigr
1114 2423 1496 2547 ‹tituletumemaiitem
1508 2421 1700 2560 tiluprrllmrt.
1748 2421 1911 2560 husjfircpir,

272 2583 366 2704 ‘ussn
382 2570 499 2704 tpolleat·
522 2582 593 2702 εἰει
613 2559 1062 2701 ellirerseffitcoougl'itiitsrugrp,
1114 2558 1490 2702 giuvtgssapeciffitnxuriu
1503 2561 1706 2701 agzipiuntur
1726 2558 1909 2622 secundum

273 2661 445 2795 :tutti
462 2660 627 2790 latet?
651 2657 741 2780 'tl
869 2656 890 2716 l
1139 2791 1147 2808 ‚
1241 2655 1299 2700 ⁵¹¹⁰
1338 2655 1440 2702 '‘m“
1454 2655 1514 2700 ⁰⁰¹¹
1537 2657 1663 2702 ’Μ’

274 2795 831 2876 riuscouditionis.1lrgovidetur
861 2812 905 2872 qu
968 2793 1064 2858 adul·
1114 2809 1204 2854 nrum
1228 2795 1411 2872 specialiter
1437 2798 1486 2858 ert
1508 2795 1691 2862 ordinatum
1717 2795 1758 2856 ad
1784 2797 1907 2856 bonum

272 2882 468 2940 uriumnon
484 2878 527 2938 sit
549 2877 671 2954 species
691 2873 886 2937 luxuriuati
901 2872 974 2933 aliis
992 2871 1064 2936 dis-
1114 2870 1264 2932 humane
1297 2873 1684 2944 rolis,sieutdictumest,
1700 2873 1908 2952 art.2lrujus

273 2958 384 3021 tincta.
1114 2953 1227 3027 quest.
1244 2889 1444 3014 adulterium
1464 2957 1571 3016 autern
1591 2951 1771 3029 specialiter
1788 2954 1909 3012 inatri-

312 3034 343 3097 ἲ.
359 3036 527 3103 Praeterea,
543 3033 759 3111 Hieronymus
782 3026 868 3101 dicit,
882 3027 928 3089 lib
944 3028 957 3089 l
975 3030 1061 3089 cont.
1114 3027 1222 3090 monio
1243 3030 1478 3106 contrariatur,
1493 3030 1526 3092 in
1541 3033 1698 3109 qnantum
1713 3029 1816 3092 violat
1831 3047 1910 3092 ma-

271 3114 393 3184 iouim,
407 3110 508 3189 prope
518 3110 573 3173 tiu.
591 3110 635 3189 (et
647 3109 785 3171 habetur
797 3124 870 3184 cap.
886 3106 997 3184 oripo,
1010 3104 1061 3180 32,
1114 3105 1257 3169 trimonii
1273 3107 1387 3181 iidem,
1402 3124 1500 3187 quem
1512 3111 1585 3186 quis
1601 3109 1730 3188 conjugi
1745 3109 1856 3173 debet.
1873 3110 1910 3169 Et

272 3208 329 3267 qu.
345 3188 376 3261 t,
388 3190 397 3269 l
411 3190 502 3251 illidit
509 3190 649 3257 interest,
661 3188 770 3266 eaput
786 3186 880 3247 caasa
891 3184 961 3263 quis
973 3183 1064 3245 iosa-
1114 3184 1192 3260 qnia
1213 3185 1266 3248 ille
1288 3188 1345 3264 qni
1366 3192 1415 3253 est
1440 3187 1604 3255 ardentior
1623 3194 1750 3249 amator
1769 3188 1907 3253 uxoris.

272 3269 341 3330 aiat
354 3290 365 3329 .·
376 3268 458 3329 eade
471 3267 583 3329 Sioua
596 3261 1061 3345 Pytltoporiousiareeteatiis,
1115 3260 1189 3323 lacit
1201 3270 1313 3325 contra
1323 3266 1443 3325 bonnm
1458 3266 1664 3336 matrimonii,
1679 3266 1854 3327 inhoneste
1869 3284 1910 3327 eo

272 3348 415 3414 Adulter,
430 3346 544 3425 iuquit,
559 3354 602 3406 ert
616 3352 736 3405 amator
751 3341 915 3403 ardentior
927 3341 963 3403 io
976 3358 1065 3401 raom
1114 3344 1220 3413 utens,
1234 3338 1306 3405 licet
1320 3342 1413 3407 tidem
1426 3360 1491 3407 non
1507 3344 1614 3416 violet,
1631 3343 1702 3405 ideo
1717 3344 1909 3423 aliqualiter

273 3442 414 3491 oaorem,
432 3428 465 3486 et
486 3425 558 3501 pari
572 3425 698 3487 ratione
719 3422 753 3483 in
773 3420 951 3498 quamlibet
964 3419 1063 3481 aliam
1114 3421 1221 3495 potest
1233 3419 1361 3485 adulter
1372 3422 1546 3493 nominari,
1558 3427 1590 3485 et
1603 3420 1704 3502 magis
1716 3422 1772 3485 ille
1788 3424 1849 3500 qui
1861 3426 1909 3484 est

275 3505 452 3565 mullerem.
467 3500 529 3564 Sed
547 3501 681 3564 inomni
696 3498 829 3563 luxuria
841 3500 892 3559 est
903 3513 996 3557 amor
1010 3514 1063 3557 ar·
1113 3494 1279 3561 ardentior
1295 3505 1421 3565 ametor
1432 3501 1564 3567 alterius
1575 3500 1728 3561 orulieris.

273 3581 400 3643 dentior
411 3582 528 3642 debito.
544 3580 629 3659 Ergo
642 3578 835 3642 adulterium
850 3576 1014 3640 invenitur
1029 3575 1062 3635 in
1154 3575 1200 3635 Ad
1216 3577 1344 3639 tertium
1360 3578 1526 3641 dicendum
1539 3576 1624 3657 qudd
1635 3594 1720 3641 uxor
1733 3583 1784 3639 est
1798 3579 1833 3639 in
1852 3596 1901 3657 pn

272 3659 360 3721 omui
373 3658 514 3723 luxurid.
532 3658 603 3719 Non
615 3666 694 3737 erqo
715 3656 810 3719 debet
830 3655 908 3733 poni
923 3653 1064 3717 laruae
1113 3656 1228 3717 testate
1251 3656 1312 3716 viri
1325 3700 1333 3729 ,
1348 3657 1432 3720 sicut
1448 3658 1476 3723 ei
1500 3658 1705 3719 matrimonio
1728 3658 1907 3735 copulata;

275 3738 516 3876 egeatem
546 3813 601 3874 ubi
622 3808 796 3873 e‘teader'a
811 3810 895 3873 ratio
915 3808 1046 3871 deiorrni
1114 3732 1670 3886 ggplggrgrsseamdgsgsirzbegoffisffig
1684 3736 1911 3875 pflatrffisielm

336 3858 344 3875 o
518 3855 529 3885 φ
643 3841 654 3868 3
1047 3841 1064 3856 ⁶
1422 3832 1443 3877 n
1674 3856 1682 3873 ι
1747 3840 1751 3847 ”
1841 3831 1910 3875 310

272 3893 360 3964 tntis,
375 3891 418 3953 itt
439 3907 504 3951 non
527 3890 737 3951 videturesse
759 3889 824 3951 alia
851 3888 973 3965 species
988 3906 1062 3965 pec-
1114 3888 1330 3953 modocontra
1344 3892 1463 3955 meum
1475 3829 1910 3968 mafamoottestpeeeatum

272 3969 585 4045 eastseatnstupro
596 3972 629 4029 et
641 3967 675 4027 in
687 3966 846 4029 adulterio
857 3965 1063 4027 videturesse
1112 3964 1282 4040 adulterii,
1307 3968 1372 4033 elio
1398 3968 1492 4033 modo
1520 3975 1685 4045 peccatum
1709 3970 1814 4045 stupri
1841 3988 1850 4027 :
1878 3980 1911 4031 et

273 4048 382 4109 eadem
398 4044 716 4115 ratiodetormitatis;
727 4044 803 4121 quia
813 4043 985 4119 utrubique
995 4044 1064 4105 rio-
1114 4054 1244 4122 propter
1257 4047 1318 4107 hoe
1339 4052 1504 4125 ponuntur
1519 4046 1655 4107 diverse
1673 4047 1814 4110 luxuriae
1828 4066 1913 4125 spe-

272 4126 361 4189 tatur
382 4126 498 4188 mulier
510 4125 625 4187 aliene
637 4123 787 4201 potestati
807 4121 962 4201 subjecta.
977 4122 1062 4201 Ergo
1082 4160 1085 4167 ·
1113 4121 1335 4185 cies.1lealiis
1353 4128 1460 4189 autem
1475 4124 1514 4186 ad
1529 4123 1720 4185 adulterium
1736 4127 1912 4201 pertinen-

272 4204 468 4267 adulterium
482 4220 548 4265 non
572 4207 622 4263 est
640 4202 851 4265 determinata
871 4198 994 4277 species
1007 4202 1063 4261 lu·
1113 4200 1199 4261 tibus
1214 4201 1338 4265 dicetur
1354 4203 1389 4263 in
1403 4201 1497 4267 tertld
1516 4206 1607 4279 parte
1627 4203 1745 4281 (mam
1757 4220 1825 4267 non
1849 4207 1912 4265 ab·

273 4282 377 4347 xuriu
390 4284 433 4345 ab
445 4282 518 4345 aliis
532 4281 693 4343 distincta.
1114 4278 1226 4350 sotrit;
1242 4280 1306 4339 rid.
1317 4278 1338 4339 t
1350 4322 1359 4355 ,
1373 4280 1446 4343 dist.
1464 4280 1529 4361 tt),
1549 4278 1622 4343 edm
1638 4280 1677 4347 de
1693 4282 1914 4345 matrimonio

207 4404 219 4429 .
312 4360 497 4423 Sedcontra
513 4364 562 4423 est
596 4354 987 4436 uodLeepapadioitlid
1004 4354 1062 4419 ha·
1111 4358 1314 4419 tractabitur.

273 4439 367 4530 betur
389 4440 471 4517 Aug.
491 4439 546 4499 litt.
571 4378 612 4499 de
630 4438 720 4499 Bono
747 4436 889 4516 eonjug,
923 4450 995 4513 cap.
1027 4434 1059 4495 t.
1113 4434 1529 4501 stercutum-uerte
1540 4436 1678 4499 moerim
1695 4437 1737 4499 rit
1755 4436 1915 4499 detumi-

273 4514 353 4579 l'rde
367 4517 506 4594 append.
521 4517 609 4579 (irat.
629 4515 668 4577 ad
693 4532 765 4592 cap.
789 4515 861 4577 illo
872 4520 983 4580 aetem,
1006 4512 1057 4588 Ἠ,
1151 4520 1253 4573 nator
1277 4514 1668 4595 aeterternae-(Sap,
1682 4524 1744 4577 art.
1757 4514 1913 4595 tauro..

271 4594 538 4685 quasttl'qudd
552 4594 741 4657 odrdtaiem
759 4590 1062 4682 commilitantia
1153 4532 1375 4665 aridirati,
1390 4592 1496 4665 ortt,
1532 4593 1915 4673 aart.1ett‚oorp..er

272 4672 319 4735 oet
330 4690 468 4753 propria
477 4671 619 4733 libidinis
633 4670 855 4740 retractaret
868 4670 970 4731 slroao
986 4688 1061 4731 emo·
1150 4668 1232 4731 aar.
1246 4678 1353 4750 quest.
1373 4670 1422 4743 lli,
1438 4680 1499 4735 ort.
1512 4610 1543 4742 Ξ,
1559 4670 1660 4750 corp.)

271 4768 365 4811 senso
381 4766 449 4811 aar
471 4750 569 4811 altero
595 4750 644 4811 ool
672 4750 771 4811 altera
798 4757 910 4811 contro
931 4756 1061 4826 poetam
1151 4748 1199 4808 dd
1216 4764 1338 4811 nonum
1355 4750 1401 4811 sic
1416 4750 1608 4827 proceditur.
1627 4746 1921 4825 camuranae

272 4826 1060 4968 {meagalggfonoaffidgzrwedtociniportelgptle
1111 4822 1255 4966 {noesttss
1264 4828 1733 4967 ιιοιῖεἰῑάςρῖοἰοεᾱοίοιφίιιᾳιε
1748 4828 1906 4922 luxuriae

272 4984 388 5046 arram
405 4922 677 5047 utillimam
690 4921 1029 5061 tatastat?
1111 4922 1201 5042 llll
1220 4910 1928 5059 a‘ultttattlltluaaal}

310 5060 499 5140 Respondeo
516 5059 684 5124 dicendum
697 5060 784 5138 qudd
795 5062 999 5135 adulterium,
1014 5060 1059 5125 ei·
1110 5058 1252 5124 luxuria.
1270 5060 1355 5141 Ergo
1370 5061 1593 5140 videturqudd
1612 5062 1753 5125 incestus
1765 5076 1836 5126 uon
1870 5067 1927 5127 sit

271 5144 326 5201 ent
350 5139 455 5219 ipsum
483 5155 600 5202 nomen
630 5144 745 5211 sonat,
772 5143 824 5200 est
844 5156 994 5201 accessus
1017 5141 1058 5201 ad
1111 5139 1233 5217 species
1256 5140 1406 5212 luxurie,
1429 5140 1486 5203 sed
1512 5141 1554 5203 sit
1574 5136 1804 5205 universaliter
1826 5140 1926 5220 ipsa

271 5220 414 5281 alienum
437 5221 555 5280 torum.
580 5218 618 5278 ln
641 5232 709 5296 quo
734 5216 864 5295 quidem
890 5216 1059 5295 dupliciter
1110 5216 1251 5279 luxuria.

272 5302 384 5361 contra
405 5297 585 5360 castitatem
608 5300 640 5358 et
667 5296 818 5357 hnmanae
840 5295 1056 5374 generationis
1148 5294 1179 5354 2.
1198 5299 1365 5368 Praeterea,
1379 5296 1412 5357 in
1426 5296 1568 5359 Decretis
1580 5293 1766 5365 diciturdi,
1781 5308 1914 5372 quaest

271 5375 394 5439 bonnm
407 5374 525 5452 aliquis
546 5374 703 5453 delinquit
721 5392 730 5433 r
748 5372 853 5453 primii
873 5373 1001 5451 quidem
1024 5374 1055 5434 in
1111 5371 1146 5444 1,
1164 5372 1216 5451 (in
1226 5376 1361 5452 append.
1377 5376 1465 5439 Gret.
1485 5374 1523 5437 ed
1539 5390 1609 5451 cap.
1627 5375 1694 5440 lar
1707 5372 1796 5451 tlte).
1808 5380 1928 5451 quod

269 5458 428 5531 quautam
441 5453 562 5517 accedit
573 5454 613 5516 ad
634 5452 802 5515 mulierem
822 5468 888 5513 nou
909 5450 1058 5513 sibime·
1109 5450 1248 5512 incertae
1278 5462 1321 5515 ert
1348 5472 1384 5515 oo
1508 5452 1651 5515 teeeroa
1677 5450 1725 5511 eol
1754 5451 1931 5543 affinium

269 5532 421 5593 trimonio
435 5534 634 5611 copulatam
654 5532 741 5610 quod
757 5528 933 5620 requiritur
946 5529 985 5593 ad
1001 5531 1058 5590 bo-
1110 5526 1233 5590 aduras.
1246 5530 1304 5591 Sed
1314 5530 1452 5592 affinitas
1483 5524 1595 5591 iderti
1605 5544 1725 5591 consen
1749 5530 1930 5597 ulutate.

270 5627 347 5671 num
370 5610 469 5686 prolis
488 5611 628 5688 proprie
646 5608 834 5681 edueaudae3
856 5608 922 5669 elio
942 5608 1055 5681 modo,
1110 5606 1155 5668 Er
1176 5609 1349 5669 oineestns
1362 5622 1427 5669 non
1446 5613 1495 5669 est
1508 5624 1576 5670 una
1594 5546 1903 5687 queriuxurrae

268 5687 483 5773 quieueredit
499 5688 539 5749 ud
559 5690 728 5751 mulierem
745 5687 839 5751 alteri
859 5704 918 5764 per
938 5688 1058 5751 matri·
1110 5626 1300 5763 sefplures.
1920 5662 1931 5687 ’

268 5778 413 5824 monium
435 5766 639 5839 copulatam
660 5772 693 5829 et
716 5766 763 5830 sio
782 5765 915 5844 impedit
934 5766 1056 5829 bouum
1149 5764 1180 5827 3·
1194 5766 1362 5841 merem,
1374 5763 1452 5837 iliud
1464 5763 1551 5843 quod
1563 5764 1604 5830 ‹le
1615 5780 1728 5835 uituli
1741 5763 1934 5842 &aportat

730 2717 865 2795 cuiusce
919 2735 962 2778 ne
980 2717 1064 2778 alte-
1165 2714 1213 2776 Ad
1233 2717 1410 2780 secundum
1434 2717 1603 2780 dicendum
1624 2715 1710 2795 qudd
1730 2716 1910 2780 matrimo-
1972 2785 1973 2792 ,
