4067 6175
178 357 233 416 eat

178 469 327 562 nrollities
341 485 405 529 non
421 463 603 569 opponatur
634 469 869 560 emereranlin,
885 471 962 544 quia

177 547 965 703 tllttfltllllttbb.:ataltlihttttt

178 703 283 762 interl.
306 705 462 792 exponit:
487 704 618 766 Molles.
641 703 729 768 idest,
752 701 883 780 pathici,
901 702 963 792 boc

177 790 232 846 est,
247 780 411 841 muliebrio
429 781 594 858 potientes.
614 779 673 840 Sed
703 780 764 838 hoc
790 787 964 856 opponitur

176 860 324 918 castitati.
334 859 417 935 llrgo
428 859 576 918 mollities
590 875 655 918 nou
668 863 716 918 est
732 856 843 918 vitium
860 874 964 935 oppo-

176 936 540 1010 situmperseverantire.

218 1013 249 1071 2.
264 1015 430 1083 Praeterea,
448 1013 657 1090 Philosophus
671 1012 747 1072 dicit
761 1012 794 1071 in
808 1012 828 1070 'l
842 1012 960 1085 utute,

181 1107 252 1167 rap.
268 1092 298 1161 7,
310 1095 384 1150 ante
393 1091 488 1161 med,
503 1092 588 1167 qudd
602 1088 714 1150 delicia
726 1090 872 1150 mollities
881 1107 963 1169 qtcoe·

174 1167 313 1227 domest.
326 1168 385 1227 Sed
399 1185 470 1229 esse
495 1168 682 1228 deliciosum
707 1166 832 1227 videtur
854 1169 962 1245 perti-

174 1263 253 1305 nere
266 1246 307 1306 ad
322 1246 611 1323 intemperantiam.
624 1247 668 1304 Er
689 1263 710 1305 o
721 1245 869 1306 mollities
895 1262 961 1306 non

174 1325 349 1459 oppgnitur
361 1325 616 1401 perseverantie,
633 1265 689 1384 seb
702 1323 805 1402 magis
829 1327 961 1402 tempe-

173 1417 235 1460 ran
251 1417 300 1461 ne.
438 1418 442 1424 ·

213 1478 243 1537 3.
256 1481 422 1548 Praeterea,
442 1479 654 1556 Philosophus
666 1477 783 1538 ibidem
792 1477 961 1554 dicitqudd

171 1555 292 1618 Insicus
305 1564 350 1616 est
371 1557 484 1616 mollis.
498 1557 558 1617 Sed
569 1575 641 1617 esse
657 1556 862 1615 immoderate
873 1557 962 1615 lusi-

172 1651 251 1694 vum
274 1635 447 1711 opponitur
467 1635 663 1712 eutrapelire,
686 1649 759 1709 que
787 1640 836 1693 est
857 1634 959 1693 virtus

170 1713 258 1773 circa
273 1713 498 1773 delectationes
517 1713 676 1780 ludorum,
688 1716 723 1769 ut
746 1711 861 1770 dicitur
887 1711 919 1770 in
939 1710 959 1770 h

170 1789 289 1860 Ethic.,
302 1806 373 1866 cap.
387 1790 516 1869 &Ergo
529 1789 676 1849 mollities
693 1803 758 1846 non
785 1788 960 1865 opponitur

171 1869 431 1944 perseverantiae.

212 1945 271 2004 Sed
296 1951 408 2006 contra
438 1949 486 2004 est
519 1942 605 2022 quod
639 1942 851 2019 Philosophus
883 1943 959 2002 dicit

168 2022 206 2081 in
229 2023 377 2094 alithin,
399 2039 470 2100 cap.
492 2023 524 2092 l,
549 2024 626 2082 ciro.
646 2021 742 2091 med.,
759 2020 847 2096 qudd
870 2020 958 2080 molli

168 2101 344 2178 opponitur
355 2100 610 2178 perseuerotieus.

210 2179 398 2255 Respondeo
418 2179 586 2239 dicendum
616 2175 721 2254 qudd,
746 2175 828 2235 sicut
858 2191 958 2252 supra

167 2255 290 2316 dictum
309 2260 375 2327 est,
402 2261 515 2332 quaest.
541 2272 649 2332 praec..
674 2258 735 2314 art.
754 2255 767 2311 1
785 2257 816 2311 et
831 2252 869 2321 2,
884 2254 957 2313 laus

168 2334 420 2408 perseverantiae
435 2335 470 2391 in
486 2334 546 2393 hoc
567 2332 712 2392 consistit
738 2330 824 2406 qnod
839 2330 956 2406 aliquis

168 2427 238 2470 non
248 2411 368 2470 recedit
380 2408 400 2470 a
414 2412 499 2468 bono
516 2417 647 2545 propter
667 2408 852 2467 diuturnam
874 2408 960 2467 tole-

168 2489 310 2548 rantiam
328 2487 504 2546 difficilium
522 2492 554 2547 et
590 2487 831 2553 aboriosorum;
847 2484 897 2544 cui
911 2486 958 2545 di-

167 2564 258 2625 rectd
274 2566 399 2625 videtur
413 2565 532 2642 opponi
558 2563 644 2641 qudd
667 2563 784 2638 aliquis
808 2560 848 2621 de
872 2561 955 2622 taciti

167 2643 298 2703 recedat
312 2641 333 2704 a
347 2645 432 2702 bono
446 2647 575 2719 propter
587 2643 696 2718 aliqua
708 2639 860 2711 difficilia,
885 2657 957 2717 quas

168 2721 333 2782 sustinere
347 2737 412 2778 non
424 2725 528 2796 potest
544 2739 552 2777 t
570 2725 601 2780 et
621 2720 682 2779 boc
698 2719 836 2794 pertinet
848 2718 887 2778 ud
906 2735 958 2780 ra·

166 2800 292 2858 tionem
305 2797 461 2867 mollitiei,
475 2813 549 2858 nam
563 2796 653 2857 molle
668 2796 785 2856 dicitur
805 2795 890 2872 quod
907 2796 958 2857 la-

166 2875 231 2936 cild
248 2875 329 2936 cedit
340 2876 493 2954 tangenti.
505 2877 574 2935 Non
588 2881 696 2934 auum
714 2873 877 2950 judicatur
893 2873 958 2933 ali-

166 2953 247 3030 quid
272 2954 367 3013 molle
396 2971 437 3013 cx
453 2954 515 3014 hoc
538 2952 624 3029 quod
649 2952 731 3012 cedit
748 2951 870 3010 lortiter
892 2950 958 3009 im-

167 3032 320 3110 pellenti,
340 3048 414 3092 num
449 3036 481 3091 et
503 3031 639 3109 parietes
658 3029 775 3090 cedunt
800 3028 956 3090 machine

167 3109 370 3187 percutienti.
400 3110 439 3169 Et
466 3110 536 3170 ided
560 3127 624 3168 uon
652 3110 820 3185 reputatur
838 3107 955 3183 aliquis

166 3189 288 3260 mollis,
304 3188 330 3248 si
344 3187 435 3247 cedat
449 3189 612 3265 aliquibus
622 3186 715 3248 valde
735 3184 874 3265 graviter
890 3187 956 3245 im-

166 3266 374 3344 pellentibus.
410 3266 497 3327 Unde
526 3264 739 3342 Philosophus
771 3262 847 3321 dicit
873 3261 906 3322 in
935 3264 956 3322 'l

166 3344 285 3415 latnie,
300 3360 369 3419 cap.
384 3344 415 3410 ’1,
430 3341 450 3405 a
464 3343 559 3416 med,
576 3342 660 3419 quod
671 3341 779 3420 siquis
789 3340 809 3399 d
821 3338 956 3420 sortibus

165 3431 196 3482 et
223 3420 540 3499 superexcellentibus
568 3416 824 3481 delectationibus
851 3418 957 3477 cinci-

166 3510 232 3568 tnr,
249 3498 298 3559 cel
312 3499 463 3565 tristitiis,
479 3517 545 3558 non
557 3506 601 3558 est
617 3495 806 3562 admirabile,
818 3493 870 3554 sed
882 3513 957 3555 cou-

165 3576 324 3645 donubile,
348 3578 376 3636 si
394 3585 507 3637 contro
537 3575 654 3635 tendet.
681 3573 886 3633 ldaniiestum
908 3577 957 3633 est

165 3653 371 3730 autemqudd
382 3650 513 3732 gravide
525 3653 661 3730 impellit
671 3654 776 3713 metus
793 3648 958 3726 periculo-

165 3726 958 3872 abablitlt*ltttdtlttlt'ltlll

621 3850 644 3879 ο,
752 3846 760 3863 Ι

167 3885 311 3966 pecuniae.
324 3886 360 3945 in
369 3885 491 3945 dnobus
504 3885 568 3945 situ
580 3891 643 3944 eet:
664 3882 742 3945 Non
757 3890 802 3941 est
823 3899 958 3943 censen-

166 3974 305 4030 tonenm,
320 3963 374 4041 qni
389 3971 471 4021 metu
483 3980 548 4054 non
559 3964 741 4052 [runcatur.
762 3976 830 4019 eunt
846 3957 957 4039 srunpi

166 4036 958 4196 illabataaltaaltalldttait}

166 4195 283 4260 lortids
298 4199 404 4259 movet
417 4196 618 4269 attrahendo,
645 4192 744 4271 quam
768 4191 897 4253 tristitia
918 4193 956 4253 de

167 4273 313 4337 carentid
327 4275 498 4351 voluptatis
513 4270 716 4341 retrahendo,
725 4268 802 4348 quia
814 4269 957 4331 carentia

167 4352 347 4429 voluptatis
361 4356 515 4429 estpurus
531 4350 683 4411 delectus.
697 4348 743 4409 Et.
754 4347 824 4408 ided
839 4363 958 4407 secun-

167 4425 246 4491 dirm
273 4429 518 4505 Philosophum,
544 4429 605 4488 loc.
632 4444 704 4504 sup.
729 4426 803 4496 cit,
827 4423 958 4503 proprie

168 4506 278 4567 mollis
295 4506 410 4565 dicitur
423 4507 478 4582 qui
492 4504 609 4566 recedit
625 4500 645 4566 b
660 4506 744 4564 bono
758 4506 888 4579 propter
898 4501 957 4561 tri-

168 4585 273 4645 stitias
303 4585 451 4643 causatus
486 4600 528 4643 ex
555 4582 679 4642 delectu
698 4579 955 4652 delectationum,

168 4662 263 4741 quasi
278 4659 392 4723 cedens
406 4660 500 4721 debili
513 4659 665 4719 moventi.

209 4740 257 4801 hd
281 4739 420 4817 primum
435 4753 511 4815 ergo
526 4735 693 4796 dicendum
709 4732 793 4811 qudd
807 4733 957 4809 predicta

169 4817 321 4879 mollities
337 4821 489 4877 causatur
502 4814 670 4891 dupliciter
695 4830 703 4870 τ
720 4828 785 4871 uno
806 4811 901 4870 modo
916 4826 965 4870 ex=

170 4894 424 4965 consuetudine;
442 4889 514 4954 crim
533 4891 618 4953 enim
641 4888 759 4965 aliquis
782 4892 966 4949 consuetus·

169 4978 217 5035 est
234 4973 449 5051 voluptatibus
467 4969 542 5043 srui,
557 4962 716 5028 dillicilibs
731 4968 957 5043 potest-earum

169 5052 348 5112 absentiam
361 5050 539 5119 sustinere;
552 5046 617 5106 alio
643 5043 737 5103 modo
756 5060 798 5103 ex
817 5042 957 5103 naturali

170 5128 388 5205 dispositione,
419 5127 496 5203 quia
525 5122 670 5185 videlicet
689 5121 785 5181 hahet
814 5120 958 5180 animum

169 5203 276 5267 ruinius
291 5208 491 5266 constantem
502 5204 632 5280 propter
646 5198 849 5277 fragilitatem
867 5214 959 5288 com-

170 5282 395 5429 tlh'tlalf
409 5274 959 5435 ltladttlalltttbitlll

170 5436 420 5513 loc.sup.cit.Et
436 5434 506 5497 ided
523 5434 569 5496 illi
588 5433 643 5511 qui
652 5430 820 5492 muliebria
829 5431 961 5508 patiun-

172 5518 236 5581 tur,
251 5514 355 5574 molles
367 5514 528 5586 dicuntur,
541 5512 634 5590 quasi
654 5510 826 5570 muliebres
843 5506 957 5569 ellecti.

212 5589 258 5652 Ad
288 5591 461 5651 secundum
483 5590 652 5650 dicendum
687 5585 772 5664 qudd
801 5574 956 5663 voluptati

32 5623 37 5667 ι
154 5670 330 5745 ·corporali
345 5669 518 5745 opponitur
531 5668 642 5737 labor3
658 5670 689 5726 el
702 5663 774 5726 ideo
792 5680 844 5725 res
862 5664 960 5724 tabo-

174 5748 267 5808 riose
280 5742 404 5810 tantiam
415 5744 590 5822 impediunt
606 5744 797 5821 voluptates.
807 5739 957 5808 belieiosi

478 357 613 427 QUAEST.
631 353 797 414 cxxxtttt.
819 356 863 412 ΠΕ
883 354 983 416 tuus
1001 359 1174 419 oreosuts
1194 361 1502 420 PERSEVERhNTlAE.

1017 476 1125 533 autem
1148 473 1297 535 dicuntur
1316 477 1372 553 qui
1405 493 1469 536 non
1492 480 1627 568 possunt
1645 477 1811 546 sustinere·

1015 551 1142 626 aliquos
1172 553 1310 623 labores,
1325 571 1385 614 nec
1399 555 1521 632 aliquid
1547 557 1633 633 quod
1649 559 1805 637 vulupta-

1015 631 1079 687 tem
1099 627 1267 692 diminuat.
1286 631 1372 691 Unde
1388 631 1504 692 dicitur
1519 633 1646 695 Denter.
1662 635 1713 708 28,
1739 636 1800 700 bbc

1015 707 1133 764 Tenere
1147 707 1259 767 mulier
1282 716 1309 767 et
1331 708 1472 776 delicato,
1491 729 1558 801 qne
1577 722 1814 788 superterram.

1014 783 1139 859 inprcdi
1148 785 1349 852 noncnlebat,
1365 804 1420 845 nec
1427 788 1516 864 pedis
1530 790 1695 866 oestlpiurn
1706 793 1811 928 (ipere

1010 870 1144 937 propter
1158 864 1329 924 mollitiem.
1348 865 1387 922 Et
1415 864 1486 924 ideb
1512 865 1625 928 delicia
1650 886 1703 928 mo
1717 870 1813 931 llties=

1015 939 1165 1013 quedam
1190 945 1249 1000 est.
1277 941 1336 1000 Sed
1356 942 1504 1002 mollities
1535 943 1665 1020 proprie
1693 948 1802 1024 respi-

1014 1014 1056 1075 cit
1079 1016 1233 1077 deiectum
1262 1019 1531 1093 delectationum,
1555 1020 1668 1084 delicia
1693 1030 1814 1087 autem·

1014 1109 1144 1153 causam
1160 1095 1375 1170 impeditisam
1395 1097 1625 1173 delectationis,
1654 1100 1733 1179 puta
1745 1103 1801 1165 la·-

1014 1170 1124 1230 borem
1141 1173 1190 1232 vel
1201 1173 1324 1250 aliquid
1335 1174 1528 1251 hujusmodi.

1053 1247 1099 1308 ad
1115 1251 1243 1310 tertium
1258 1251 1425 1312 dicendum
1442 1253 1527 1329 qudd
1541 1254 1573 1312 in
1585 1255 1659 1314 ludo
1669 1256 1733 1317 duo
1749 1261 1800 1319 est

1013 1326 1239 1388 considerare:
1263 1346 1330 1388 uno
1351 1329 1480 1406 quidem
1503 1332 1597 1390 modo
1615 1332 1800 1396 delectatio-

1012 1419 1097 1474 nem,
1117 1405 1208 1465 etsie
1220 1405 1400 1468 inordinate
1412 1409 1536 1468 lusivns
1550 1411 1724 1486 opponitur
1736 1428 1799 1472 eu-

1011 1482 1173 1558 trapelie3
1203 1482 1267 1544 alio
1295 1483 1390 1543 modo
1418 1486 1449 1544 in
1476 1485 1552 1545 ludo
1574 1488 1810 1550 consideratur·

1011 1558 1156 1633 quedam
1171 1561 1329 1633 remissio,
1343 1563 1410 1623 sire
1425 1563 1528 1640 quies,
1544 1565 1811 1642 queopponitur·

1010 1635 1126 1696 labori.
1139 1637 1176 1696 Et
1191 1638 1261 1698 ided
1276 1639 1359 1700 sicut
1378 1657 1442 1700 non
1458 1657 1554 1716 posse
1576 1641 1736 1704 sustinere
1748 1643 1811 1706 la·⁴

1010 1713 1139 1774 boriosa
1149 1717 1285 1790 pertinet
1298 1717 1338 1778 ad
1347 1718 1523 1790 mollitiem,
1541 1719 1585 1779 ita
1599 1720 1799 1782 etiamnimis

1010 1795 1160 1866 appetere
1175 1793 1395 1855 remissionem
1402 1795 1481 1859 ludi.
1491 1796 1542 1856 vel
1554 1812 1802 1875 quamcumque

1009 1867 1270 1945 aliamquietem.

1009 1986 1189 2046 Anrroocus
1204 2003 1238 2046 u.
1254 2021 1289 2031 -
1305 1985 1415 2050 Utrum
1422 1989 1598 2080 pertinacia
1615 1997 1802 2070 opponatur·

1267 2076 1515 2144 perseverantie.
1579 2081 1581 2086 '

1050 2158 1805 2244 ddsecundumsicproceditur.l.Vidctnrqudd·

1008 2238 1185 2311 pertinacia
1220 2255 1285 2298 non
1323 2245 1505 2316 opponatur
1537 2243 1794 2317 perseverantie.

1007 2314 1090 2374 llicit
1101 2315 1185 2374 enim
1204 2315 1399 2395 Gregorius,
1415 2317 1451 2376 31
1467 2317 1600 2390 Morab,
1617 2335 1686 2396 cap.
1704 2320 1751 2391 17,
1771 2315 1793 2383 a

1008 2391 1104 2464 med,
1118 2391 1203 2468 qudd
1219 2394 1394 2471 pertinacia
1406 2394 1508 2456 oritur
1522 2414 1560 2454 ecc
1576 2397 1665 2456 inani
1676 2396 1790 2474 plorld.
1806 2449 1809 2454 .

1008 2467 1068 2560 Sed
1084 2469 1187 2531 inanis
1204 2471 1305 2550 gloria
1322 2487 1386 2531 non
1395 2472 1567 2549 opponitur
1581 2491 1802 2550 perseveram·-

1008 2553 1070 2618 trus,
1086 2547 1140 2608 scd
1167 2549 1268 2626 magis
1286 2549 1556 2626 magnanimitati,
1579 2553 1727 2626 utsupra
1746 2549 1795 2612 di·

1008 2631 1094 2690 ctum
1109 2631 1167 2699 est,
1179 2629 1291 2716 quest.
1309 2625 1377 2699 tat,
1395 2631 1455 2688 art.
1470 2627 1501 2686 2.
1516 2627 1601 2706 Ergo
1616 2629 1810 2707 pertinacia.

1007 2719 1073 2761 non
1082 2710 1255 2780 opponitur
1269 2705 1525 2782 perseverantie.

1046 2779 1076 2840 2.
1101 2781 1265 2852 Praeterea,
1289 2783 1316 2842 si
1340 2782 1513 2859 opponitur
1534 2783 1810 2860 perseverantius„

1007 2861 1065 2917 aut
1079 2875 1119 2935 op
1144 2859 1253 2918 onilur
1265 2859 1294 2919 ci
1306 2877 1362 2937 per
1375 2877 1554 2934 excessum,
1568 2864 1623 2922 aut
1637 2879 1693 2938 per
1703 2861 1803 2922 dete.

1007 2940 1104 3024 ctum.
1119 2877 1177 2997 god
1192 2953 1257 2996 non
1279 2938 1453 3014 opponitur
1476 2937 1503 2996 ei
1528 2954 1586 3015 per
1610 2955 1790 3011 excessum,

1007 3026 1084 3090 qura
1097 3015 1192 3074 etiam
1209 3015 1358 3093 pertinax
1373 3015 1454 3076 cedit
1476 3015 1571 3084 alicui
1590 3015 1805 3077 delectatione

1007 3096 1038 3149 et
1053 3092 1209 3155 tristitie:
1234 3094 1323 3171 quia,
1348 3101 1383 3154 ut
1401 3094 1475 3155 dicit
1495 3094 1706 3171 Philosophus
1720 3094 1793 3155 ln'l

1005 3168 1122 3242 Ethio,
1138 3189 1209 3249 cup.
1227 3172 1265 3243 9,
1280 3175 1352 3233 ante
1368 3172 1463 3243 med,
1481 3172 1617 3249 pendent
1635 3171 1793 3234 vincentes

1007 3248 1792 3329 ettrietnntnr,sisententieeoruminfirmuuppu-

1005 3333 1106 3385 recht.
1123 3327 1276 3389 Siautem
1290 3344 1347 3403 per
1361 3326 1526 3397 deiectum,
1539 3326 1601 3387 erit
1614 3325 1695 3386 idem
1704 3326 1792 3404 quod

1006 3403 1155 3464 mollities
1171 3422 1178 3463 ε
1197 3404 1282 3480 quod
1293 3407 1379 3481 patet
1387 3421 1456 3463 esse
1466 3403 1591 3465 laisum.
1603 3404 1698 3465 Nullo
1711 3420 1803 3484 ergo

1007 3480 1101 3539 modo
1112 3481 1286 3556 pertinacia
1299 3481 1472 3557 opponitur
1482 3480 1737 3557 perseverantie.

1046 3558 1076 3615 3.
1098 3560 1265 3631 Praeterea,
1281 3558 1366 3619 sicut
1377 3574 1584 3634 perseverans
1599 3558 1740 3634 persistit
1753 3559 1786 3619 in

1007 3635 1093 3694 bono
1107 3640 1218 3697 contra
1245 3635 1407 3705 tristitias3
1423 3634 1465 3695 ita
1479 3634 1645 3695 continens
1663 3638 1695 3695 et
1711 3641 1791 3697 teln-

1007 3717 1138 3788 pcrutus
1155 3718 1266 3774 contra
1278 3712 1515 3782 delectationes,
1531 3716 1561 3774 et
1577 3712 1666 3772 tortis
1679 3720 1791 3777 contra

1007 3790 1149 3860 timores,
1164 3797 1195 3851 et
1204 3793 1388 3851 mansuetus
1402 3794 1513 3850 contra
1527 3790 1604 3850 iras.
1616 3789 1674 3850 Sed
1689 3791 1792 3868 perti-

1008 3882 1075 3929 nax
1089 3867 1204 3929 dicitur
1229 3868 1345 3945 aliquis
1360 3884 1401 3928 ex
1415 3884 1454 3928 eo
1468 3866 1553 3944 qudd
1567 3868 1660 3928 nimis
1679 3868 1712 3929 in
1732 3869 1792 3932 ali·

1007 3960 1073 4021 quo
1097 3946 1257 4023 persistit„
1275 3946 1360 4025 Ergo
1385 3944 1560 4022 pertinacia
1594 3960 1658 4005 non
1688 3947 1800 4026 magis-

1008 4024 1181 4160 {tqqponitur
1200 4024 1445 4101 perseverantie
1468 4019 1567 4099 quam
1589 4022 1660 4083 aliis
1689 4022 1791 4085 virtu·

1023 4118 1106 4161 rus.
1403 4150 1405 4156 .

1047 4177 1105 4239 Sed
1115 4180 1226 4239 contra
1234 4178 1375 4256 estquod
1382 4176 1587 4239 Tulliusdicit
1600 4174 1698 4238 insud
1708 4175 1808 4238 Rhe·-

1007 4259 1089 4326 ton,
1104 4256 1158 4316 lib.
1174 4256 1195 4315 2
1210 4255 1248 4317 de
1269 4256 1412 4325 levent,
1435 4255 1591 4330 aliquant.
1609 4260 1684 4325 ante
1710 4253 1785 4326 fin,

1008 4334 1093 4409 quod
1108 4334 1152 4395 itu
1167 4352 1202 4395 se
1216 4334 1311 4395 habet
1325 4332 1499 4410 pertinacia
1517 4330 1555 4390 ad
1584 4347 1793 4406 perseveran-

1007 4412 1099 4484 tium,
1126 4412 1215 4472 sicut·
1236 4411 1418 4489 superstitio
1442 4410 1481 4469 ud
1511 4407 1709 4485 religionem.
1731 4408 1808 4477 Sed²

1008 4485 1809 4642 {tantillitati'lilibetitltilla

1010 4642 1269 4721 perseverantie.

1048 4719 1234 4797 Respondeo
1248 4720 1415 4781 dicendum
1436 4717 1537 4798 qudd,
1551 4717 1635 4779 sicut
1650 4718 1806 4780 Isidorus

1008 4798 1084 4857 dicit
1100 4796 1134 4857 iu
1146 4798 1203 4857 lib.
1220 4798 1258 4857 lo
1281 4798 1430 4877 Etymol.,
1442 4800 1481 4858 ad
1507 4796 1554 4857 lit.
1569 4794 1622 4862 P..
1641 4796 1793 4874 pertines

1009 4874 1246 4965 dicituruliquis
1252 4892 1309 5029 (aa
1318 4882 1362 4935 est
1376 4872 1567 4967 impudenter
1574 4880 1693 4965 tenent,
1702 4874 1794 4966 queri

1010 4950 1794 5108 ttttlaailabltt'ltatilitas

1008 5107 1374 5186 scoerut,·untiqnicnlm
1394 5106 1535 5169 dicebant
1556 5105 1680 5171 uictum.
1699 5123 1790 5181 quum

1009 5202 1068 5245 nos
1077 5184 1251 5245 victoriam.
1266 5184 1305 5245 Et
1313 5186 1373 5246 hos
1392 5182 1603 5261 Philosophus
1620 5185 1713 5243 vocat
1728 5182 1760 5242 in
1772 5180 1790 5241 'l

1008 5262 1111 5323 Etbie.
1124 5306 1132 5335 ,
1147 5278 1218 5339 cap.
1231 5262 1252 5321 s
1264 5271 1461 5334 assemanum,
1477 5261 1793 5339 ischyrognomoncs,

1010 5340 1042 5401 id
1051 5343 1109 5413 est,
1118 5338 1393 5412 lortisseutentiae,
1407 5338 1633 5409 velamem,
1646 5334 1793 5415 idioqno-

1048 5469 1087 5553 ll)
1106 5470 1145 5524 lta
1160 5468 1260 5593 qqtirnd
1281 5468 1341 5525 cod.
1366 5469 1457 5525 hluto.
1478 5466 1552 5537 iuxta
1571 5472 1661 5519 rotrrm
1681 5468 1794 5535 careia,

1011 5555 1054 5663 qut
1067 5540 1154 5594 locum
1192 5546 1344 5608 epravatum
1363 5536 1545 5617 deprehendit.
1556 5534 1698 5605 dionisius,
1712 5554 1805 5609 ιηιριι..

1030 5619 1098 5691 enter
1110 5617 1194 5691 tenus,
1208 5618 1231 5662 et
1244 5608 1316 5707 quusi
1329 5606 1430 5687 onenrnd
1444 5602 1693 5734 teqqq'stuqtchggqq
1703 5606 1806 5739 llssqk,

1036 5674 1597 5813 a.?'”tt⁰tt.tt'.t.l⁶.tl⁰t.....t
1695 5720 1701 5733 ·
