4067 6175
116 2321 127 2340 ⁴
231 2332 346 2394 darum
362 2335 590 2396 revelationem
615 2329 777 2411 accepitd
802 2332 881 2393 Deo.
912 2333 1021 2395 Tortid

243 353 316 410 {023
409 343 413 350 '
686 345 817 406 amittat
836 345 1063 406 THEOLOGlCAE
1081 347 1235 408 SECUNDA
1254 353 1434 413 ambitum.
1808 364 1874 422 ibit

281 465 313 526 3.
335 466 503 536 Praeterea,
517 461 645 543 tdqnod
657 459 1032 524 communitcromuibus
1087 459 1195 541 differt
1212 462 1320 526 utraim
1333 485 1383 528 mc
1459 464 1506 530 ecl
1515 484 1616 548 puvuo
1631 475 1766 549 tempere
1782 481 1811 536 se
1824 477 1874 538 in.

241 544 394 608 convenit
408 546 440 605 et
457 542 563 614 bouis,
585 547 618 603 et
641 523 759 630 malis,
776 555 842 599 non
867 542 917 599 est
940 541 1034 600 actus
1089 539 1233 610 terimus.
1285 545 1338 606 uia
1422 546 1537 622 rapina
1551 545 1766 612 holocaustum
1780 552 1873 636 offas

201 645 205 650 ’
242 621 380 683 virtutis.
394 619 627 700 Sedjejunium
641 614 887 706 cstlruyusmodi
907 617 1035 693 :quill-
1085 617 1141 695 qut
1160 621 1207 682 oet
1229 621 1259 698 cs
1280 640 1369 684 crum
1391 623 1489 686 nimid
1509 633 1656 704 spesina,
1682 627 1873 696 celmundu-

240 701 295 762 bet
315 699 413 771 euim,
436 694 613 776 antequam
638 692 796 764 comedat,
815 705 949 772 yeyunus
969 699 1030 758 est.
1086 695 1181 760 candi
1192 745 1200 768 ,
1218 699 1266 762 cet
1280 702 1380 764 ramni
1389 701 1527 781 penuria
1542 703 1740 768 immoderate*
1757 727 1872 790 corpus

241 775 497 918 ijun'um
512 791 577 836 non
592 777 640 834 est
653 774 745 834 aetus
757 770 897 833 virtutis.
993 848 1011 864 ..
1085 772 1212 914 agilion
1231 777 1382 841 Similiter
1398 781 1495 844 etiam
1507 781 1591 845 ratio
1614 788 1701 846 reeta
1716 803 1781 846 nen
1797 791 1871 852 tan.

363 860 475 917 contra
495 857 545 914 est
570 848 656 929 quod
679 854 932 912 connumeratur
957 847 1031 912 alns
1085 854 1096 914 t
1122 870 1152 912 m
1173 853 1213 918 de
1233 857 1305 918 cibo
1318 857 1478 922 subtrahit
1492 862 1528 919 ut
1539 859 1636 920 horno
1650 861 1801 926 reddatur
1813 866 1873 928 im.

239 934 394 994 virtutum
407 933 532 994 actibus
546 927 618 991 bad
630 927 774 990 Corinth.
788 927 819 1000 b,
829 926 860 995 5,
875 928 931 989 ubi
942 928 1029 1005 lipo-
1084 942 1197 1014 potens
1224 933 1263 996 ad
1292 935 1399 1000 debita
1421 953 1521 1014 opera
1544 940 1727 1017 peragenda
1752 961 1760 1001 ι
1784 945 1870 1008 unda

242 1012 340 1073 stolus
356 1010 432 1071 dicit
447 1029 455 1067 ι
469 1009 514 1070 In
523 1005 675 1088 jejuniis.
696 1004 732 1067 in
749 1005 894 1074 ιιίιιιίά.
917 1005 953 1068 i'b
969 1025 1030 1067 cn-
1083 1014 1159 1078 dicit
1183 1013 1397 1092 Hieronymus
1420 1013 1481 1076 loe.
1512 1013 1578 1088 cit,
1594 1015 1680 1108 quod
1701 1019 1871 1086 rationulis

238 1091 356 1159 stirace,
373 1092 434 1150 eie.
714 1159 721 1175 ,
945 1160 952 1176 ,
1003 1161 1010 1176 ,
1082 1091 1171 1152 bomo
1189 1089 1373 1184 dignitatem
1394 1092 1526 1160 emistis,
1592 1095 1681 1157 sset
1710 1095 1870 1178 jaynam

278 1165 465 1244 despondeo
477 1161 646 1226 aralium
664 1161 751 1239 quoa
773 1178 819 1252 ex,
833 1161 895 1222 ¹100
910 1161 1030 1254 abans
1083 1169 1245 1238 emicare,
1261 1167 1310 1230 eei
1326 1169 1481 1248 etenim
1584 1171 1762 1254 terminus
1778 1195 1870 1257 pra».

238 1249 328 1306 actus
347 1248 395 1304 cst
409 1243 573 1304 virtuosus
585 1239 672 1319 qubd
687 1257 745 1317 per
760 1247 917 1300 rabonem
938 1239 1030 1300 ordi·
1080 1249 1152 1328 sere.

239 1327 336 1398 natur
349 1319 388 1383 ad
399 1320 530 1397 aliquod
547 1321 667 1381 bonum
679 1318 861 1408 honestum.
881 1317 954 1409 Hoc
968 1334 1028 1409 au·
1121 1323 1167 1387 nd
1185 1323 1314 1388 tertium
1326 1323 1494 1388 dicendum
1506 1326 1591 1405 qubd
1599 1326 1759 1408 jeiunium
1770 1338 1868 1398 uatu-

237 1403 302 1458 tem
321 1398 471 1460 convenit
482 1398 606 1478 jejunio
622 1416 630 1456 z
648 1400 826 1488 assumatur
842 1413 929 1487 enim
942 1414 1028 1474 yeyu-
1079 1421 1134 1476 res,
1155 1421 1222 1482 quo
1237 1403 1310 1481 quis
1329 1403 1448 1466 dicitur
1455 1403 1600 1483 jainans,
1616 1409 1793 1488 antequam
1809 1431 1869 1474 ρο..

238 1475 327 1538 nium
342 1477 561 1556 Plissblllimtil'
574 1475 702 1566 adfini·
719 1472 825 1565 Ρζῐΰὶὸ
838 1473 968 1550 quidem
984 1473 1025 1535 ad
1079 1482 1203 1554 medat,
1219 1482 1367 1544 consistit
1389 1482 1423 1542 iu
1451 1479 1535 1560 pura
1559 1485 1754 1563 negatione,
1782 1491 1867 1554 uude

235 1554 511 1632 concupiscentias
536 1570 643 1616 amn
669 1551 912 1644 resumendam
939 1552 1025 1642 unae
1078 1562 1261 1638 nonmmt
1278 1561 1353 1636 poni
1367 1563 1457 1624 aetus
1474 1559 1618 1636 viauae
1635 1565 1691 1626 eea
1714 1564 1867 1630 miamin.

236 1633 409 1714 Apostolus
418 1633 494 1694 dicit
504 1633 537 1694 in
554 1627 886 1722 auctontateanductd
902 1649 910 1684 ε
925 1629 970 1722 In
977 1648 1025 1710 ys-
1077 1637 1133 1700 lud
1142 1639 1301 1718 ieiunium
1315 1656 1381 1717 quo
1393 1637 1466 1716 quis
1479 1656 1521 1702 cx
1545 1639 1729 1704 rationabili
1741 1663 1866 1724 propo-

232 1709 345 1788 i'bttt't't.
359 1711 394 1772 t'b
411 1712 564 1781 castitate,
577 1725 733 1800 ‘limile‘
745 1724 870 1787 ieiunia
882 1713 1023 1799 ,castitas
1077 1717 1139 1779 sito
1152 1715 1260 1781 acibis
1272 1717 1457 1796 aliqualiter
1468 1717 1618 1781 abstinet.
1629 1719 1719 1784 Unde
1727 1723 1866 1801 primum

235 1797 455 1850 conservatur.
471 1790 511 1851 Ut
524 1788 611 1850 enim
630 1787 845 1866 Hieronymus
859 1785 951 1859 dicat,
964 1786 1021 1848 lib.
1077 1794 1193 1856 dicitur
1201 1794 1360 1874 jejunium
1371 1793 1485 1875 jejunii
1498 1815 1508 1869 ς
1528 1795 1707 1860 secundum
1722 1801 1800 1862 verb
1808 1802 1865 1881 J'e-

234 1865 255 1924 2
275 1871 359 1927 cont.
374 1867 496 1940 levin,
510 1883 581 1944 cap.
601 1865 633 1935 b,
651 1865 685 1926 iu
699 1865 767 1932 fin„
787 1864 855 1924 nne
867 1863 977 1956 barone
993 1872 1024 1926 et
1073 1871 1201 1952 iunium
1212 1870 1406 1951 jejunantis,
1429 1873 1524 1952 quasi
1547 1891 1590 1938 ex
1610 1879 1776 1956 proposito
1802 1881 1865 1944 sli-

233 1942 356 2005 Buccbo
365 1945 462 2026 stipat
479 1947 591 2009 Venus.
602 1943 634 2002 id
650 1944 712 2015 esi,
724 1961 782 2019 per
794 1944 1024 2006 abstinentiam
1075 1951 1153 2028 quid
1165 1950 1301 2031 agentia.
1964 1969 1968 1976 ·

190 2087 193 2093 ,
234 2021 298 2082 cibi
312 2026 344 2083 et
358 2022 451 2100 potuis
472 2023 602 2100 tepescit
615 2021 759 2082 luxuria.
773 2017 918 2081 Secundb
929 2037 1023 2081 assu-
1535 2075 1572 2091 ..
1622 2075 1630 2092 .
1724 2077 1732 2094 .

233 2099 332 2164 mitur
353 2101 473 2164 adbuc
499 2099 584 2179 qnod
606 2117 696 2161 mens
723 2095 856 2160 liberius
878 2097 1023 2160 elevetur
1075 2074 1254 2135 mmm
1274 2089 1310 2132 ¹¹·
1335 2106 1374 2118 ““
1396 2072 1509 2136 ΗΜ
1522 2093 1679 2214 Ῑξζ“”’””’
1702 2084 1745 2140 ⁸²²
1770 2087 1860 2142 “⁰²¹''

233 2177 274 2236 ad
304 2178 455 2240 sublimia
485 2175 732 2252 contemplanda
761 2195 770 2234 ι
793 2175 878 2236 undo
904 2176 1022 2239 dicitur
1113 2151 1317 2212 “bufnfflioe-
1331 2149 1425 2232 -(b,
1439 2149 1542 2214 (ΠΜ
1568 2199 1576 2226 ι
1657 2156 1809 2226 δ’·ῧιῦιΐ·
1826 2159 1856 2232 1,

232 2255 316 2318 Dan.
328 2256 366 2316 1⁰
379 2256 465 2334 qubd
479 2260 552 2333 posi
566 2255 725 2334 ieiunium
735 2253 832 2315 trium
848 2253 1021 2317 hebdoma·
1112 2229 1412 2390 fflffi'qudtgt)
1425 2239 1452 2292 θ’
1461 2241 1568 2312 luam·
1607 2231 1666 2307 ,ud
1677 2233 1708 2310 H,
1717 2236 1860 2315 “lm'-

231 2410 272 2470 ad
284 2411 543 2474 satisfacientium
561 2429 619 2503 pro
631 2411 792 2504 peccatis3
807 2409 1022 2501 uudcdicitur
1113 2406 1160 2469 nd
1179 2405 1355 2499 secuudum
1383 2407 1431 2470 sic
1454 2409 1649 2500 proceditur.
1674 2412 1706 2473 l.
1723 2411 1861 2478 Videtur

231 2487 313 2550 loel.
325 2488 356 2561 H,
368 2489 435 2581 ιι]
446 2487 837 2581 donomttmentudmsan
848 2488 1020 2550 totocorde
1073 2484 1159 2578 qubd
1175 2503 1336 2578 yeyuaium
1359 2502 1423 2547 non
1450 2490 1492 2547 sat
1520 2493 1611 2550 actus
1640 2491 1855 2567 abstinentia,

231 2574 345 2635 uestro,
361 2585 546 2648 anyeyunio,
559 2585 595 2628 an
611 2565 725 2659 fleturi
735 2566 891 2657 planctu..
1072 2579 1264 2658 quitatsuper
1282 2561 1360 2625 rllud
1381 2563 1497 2657 οΜιειιιιι.
1514 2565 1574 2626 17:
1590 2567 1663 2628 Hoc
1677 2585 1776 2707 θιιᾶιιι
1792 2569 1860 2710 dob—

233 2643 311 2785 ail
322 2643 1021 2814 litaiiiablttii‘bbliitttaii
1072 2639 1434 2809 stillaticia}
1447 2641 1860 2814 iliiitilptaba

230 2799 1020 2882 Temp.:ley‘uniwnpurputunimummentansnb·
1071 2795 1456 2865 solemniacensem
1470 2801 1859 2864 cuncttstllaccbrisubsti·

114 2871 118 2880 ’
231 2877 335 2948 brom,
345 2881 511 2959 proprium
529 2898 651 2944 curnem
668 2877 799 2957 spiritui
813 2876 951 2956 subjicit.
964 2896 1021 2941 cor
1071 2893 1156 2936 scere
1179 2874 1237 2938 Sed
1253 2875 1314 2938 boc
1329 2875 1467 2952 pertinet
1482 2877 1522 2938 ad
1544 2894 1672 2941 omnem
1696 2881 1857 2943 virtutem.

230 2956 309 3035 socii
329 2958 499 3018 contutum
513 2965 541 3018 et
564 2956 774 3023 aemilianum.
789 2955 1021 3033 concupiscen-
1070 2954 1156 3032 Ergo
1167 2953 1325 3033 jejunium
1336 2971 1401 3014 non
1414 2959 1463 3016 cst
1475 2959 1565 3018 actus
1579 2957 1762 3034 specialiter
1777 2961 1858 3022 abs-

231 3033 285 3095 tioe
299 3033 427 3097 nebulus
441 3035 606 3115 disperpit,
624 3033 792 3097 libidinum
815 3032 945 3106 ardores
959 3053 1020 3096 ee-
1072 3031 1226 3096 tinentia.

252 3112 371 3252 'geoth
399 3114 554 3177 castitatis
585 3129 693 3175 cerum
729 3110 834 3175 lunico
862 3112 1020 3175 accendit,
1110 3110 1140 3171 2.
1155 3111 1325 3183 Praeterea,
1338 3110 1512 3191 Gregorius
1525 3112 1600 3173 dicit
1610 3112 1763 3176 inbomil.
1773 3114 1858 3191 Qua·

232 3118 282 3173 tin

229 3186 320 3329 unda
333 3269 472 3348 primum
486 3287 565 3349 erqo
577 3268 747 3331 dicendum
762 3267 847 3348 qubd
862 3268 1019 3361 contingit
1069 3264 1333 3405 guudrupcaimuie
1358 3275 1402 3330 cst
1422 3266 1539 3330 decimu
1564 3276 1662 3331 tetrus
1680 3272 1768 3333 unni.
1794 3272 1854 3333 Sed

229 3347 316 3424 qubd
329 3347 446 3425 aliquis
458 3352 549 3410 actus
560 3347 617 3426 qui
630 3364 673 3410 cx
686 3365 803 3428 genero
815 3363 875 3409 suo
888 3352 938 3411 est
952 3365 1019 3409 vrr·
1091 3360 1147 3407 are
1165 3344 1304 3408 decimas
1319 3347 1368 3407 est
1386 3349 1475 3408 actus
1490 3346 1676 3425 religionis,
1701 3354 1740 3410 ut
1757 3367 1859 3442 supra

228 3429 364 3499 tuosne,
379 3444 419 3486 ex
434 3426 597 3504 aliquibus
621 3424 871 3487 circumstantiis
894 3424 1020 3504 adiun—
1070 3422 1215 3485 habitum
1232 3427 1296 3495 est,
1317 3427 1430 3502 quaest.
1445 3422 1500 3496 87,
1514 3428 1576 3487 art.
1598 3426 1628 3486 1.
1658 3428 1743 3521 Ergo
1766 3428 1857 3521 jeyu-

229 3503 288 3565 ctis
305 3503 448 3565 redditur
464 3504 598 3566 vitiosus
612 3523 621 3564 t
635 3505 720 3565 unde
742 3503 857 3565 ibidem
875 3502 1015 3567 dicitur:
1070 3502 1160 3565 nium
1173 3505 1221 3563 cst
1232 3504 1323 3563 aetus
1337 3501 1502 3580 religionis
1516 3505 1548 3563 ct
1561 3520 1624 3563 non
1638 3507 1850 3569 abstinentie.

229 3580 314 3642 Ecce
326 3581 363 3643 in
376 3581 483 3643 dicbus
489 3582 609 3662 jejunii
625 3582 721 3643 uestri
735 3582 1018 3644 inveniturooiun-
1108 3580 1139 3641 3.
1160 3581 1338 3653 Praeterea,
1355 3580 1549 3642 abstinentia
1569 3586 1710 3661 estpars
1726 3588 1856 3663 tempe-

230 3666 279 3719 ιω
294 3668 419 3728 cestra:
440 3664 470 3721 ct
488 3661 586 3739 pnulb
600 3666 673 3737 post
689 3660 860 3721 subditur:
880 3660 930 3721 Aa
946 3660 1017 3721 liter
1068 3659 1193 3730 rantiau,
1207 3661 1243 3719 ut
1254 3657 1372 3720 dictum
1386 3660 1435 3719 est
1445 3660 1558 3735 quest.
1569 3676 1678 3737 preco,
1695 3668 1726 3722 et
1738 3666 1853 3740 quaest.

229 3746 258 3796 et
270 3739 483 3799 commutante
491 3738 656 3816 Jejnnniir,
679 3747 706 3797 et
724 3738 891 3815 percutitis
906 3755 1015 3817 pupae
1070 3734 1139 3797 tta.
1155 3736 1379 3813 Temperantia
1393 3739 1500 3799 autem
1511 3740 1622 3799 contra
1637 3738 1855 3802 fortitudinem

229 3814 332 3892 impii.
346 3815 438 3889 Quod
452 3832 618 3893 exponens
634 3816 810 3894 Gregorius
826 3816 860 3875 in
877 3817 1015 3887 Pastor,
1068 3812 1236 3887 dividitur,
1250 3812 1402 3892 adquam
1458 3815 1554 3876 rtiuet
1568 3816 1731 3881 molestias
1754 3819 1856 3881 susti-

228 3891 1018 4049 sitnisitil:att¹ilelli‘ti'.ltt¹3tiiit
1067 3890 1853 4049 iiiscladdistat:latitandi·

228 4044 332 4109 «salin
362 4066 441 4142 ergo
470 4066 528 4127 per
547 4049 776 4110 abstinentiam
805 4066 882 4111 caro
906 4050 1017 4110 atteri·
1147 4049 1295 4110 econtra
1316 4054 1366 4110 est
1389 4048 1475 4127 quod
1492 4049 1633 4112 isidorus
1650 4050 1739 4123 dicit,
1759 4052 1855 4115 libb

229 4148 246 4182 r
258 4129 330 4199 tur,
358 4127 385 4188 si
401 4128 590 4190 inordinatis
608 4128 746 4189 motibus
770 4126 903 4189 dimissa
923 4144 1014 4190 mens
1066 4124 1218 4206 Etymol.‚
1233 4142 1304 4204 cap.
1322 4127 1371 4197 18,
1387 4127 1426 4188 ad
1438 4126 1513 4199 lim,
1531 4128 1617 4205 qubd
1629 4127 1788 4209 jejunium
1808 4138 1853 4192 ert

227 4227 244 4261 r
259 4204 345 4268 vitiis
358 4204 545 4284 dissipatur.
563 4230 578 4262 »
595 4207 633 4267 lli
649 4207 785 4286 August.
809 4206 843 4267 in
861 4204 1017 4283 praedicto
1066 4204 1377 4283 parcimoniocictds
1390 4202 1635 4285 abstinentiaque
1644 4207 1791 4269 ciborum.

225 4300 323 4345 serm·
334 4284 501 4363 dicitqubd
514 4283 934 4364 «ieiuniumverbositatam
948 4300 1013 4344 non
1107 4281 1296 4362 Respondeo
1312 4282 1480 4345 dicendum
1499 4284 1585 4362 quad
1597 4284 1709 4346 eadem
1721 4292 1770 4347 cst
1785 4302 1854 4349 ma-

225 4384 241 4420 e
256 4366 352 4436 amat,
363 4362 489 4426 divitias
503 4362 891 4443 superfluitatemjudicat,
901 4378 1016 4439 super·
1067 4360 1147 4423 teria
1157 4358 1285 4422 habitas
1299 4364 1330 4421 et
1344 4359 1445 4422 actbs.
1461 4360 1550 4423 Unde
1564 4362 1668 4425 omnis
1683 4368 1773 4426 actus
1789 4365 1854 4428 vii·-

225 4462 241 4498 e
258 4442 343 4503 biam
354 4442 488 4519 spernit,
498 4439 924 4515 bumilitatemcommendat,
933 4456 1015 4517 prae·
1067 4442 1181 4501 tuosus
1196 4438 1253 4515 qui
1266 4442 1315 4501 est
1335 4438 1419 4501 circa
1434 4438 1579 4518 aliquam
1600 4442 1784 4514 materiam,
1810 4443 1850 4503 ad

225 4540 241 4573 ι
257 4523 320 4580 stat
335 4518 892 4601 bominiscipsumintelliqerequdd
906 4518 1015 4580 estiu-
1066 4515 1155 4577 itlam
1170 4517 1318 4578 virtutem
1341 4516 1479 4595 pertinet
1502 4534 1576 4595 qnae
1594 4518 1733 4580 medium
1747 4520 1780 4581 in
1796 4518 1851 4582 illa

227 4619 242 4652 a
259 4595 426 4659 tirmumet
437 4598 559 4677 fragile.
575 4621 589 4655 s
1066 4594 1201 4656 matoria
1217 4594 1392 4656 coustituit.
1408 4594 1571 4676 ieiunium
1591 4601 1699 4657 autern
1712 4598 1854 4660 attendi-

264 4672 312 4734 ad
321 4676 497 4736 secuudum
511 4674 680 4738 dicendum
699 4674 786 4753 qubd
798 4675 937 4737 medium
947 4674 1014 4738 vir-
1066 4676 1119 4735 tur
1131 4672 1164 4735 in
1178 4672 1268 4746 cibis,
1277 4673 1310 4734 in
1325 4674 1441 4751 quibus
1454 4673 1593 4735 medium
1602 4674 1767 4737 adinvenit
1777 4678 1852 4739 abs·

223 4750 301 4812 tutis
315 4768 379 4812 non
396 4753 553 4831 accipitur
569 4750 744 4815 secundum
772 4754 1011 4833 quantitatem,
1065 4751 1212 4815 tinentia.
1234 4751 1323 4816 Unde
1344 4751 1548 4813 manilcstum
1575 4757 1625 4815 est
1652 4753 1739 4831 qudd
1762 4754 1851 4835 jeju-

224 4827 281 4891 sed
295 4826 471 4892 secundum
492 4832 650 4892 rationem
672 4837 816 4905 rectam,
835 4835 872 4892 ut
894 4830 1012 4893 dicitur
1065 4830 1155 4891 nium
1170 4834 1219 4893 est
1235 4830 1436 4895 abstinentie
1450 4834 1552 4892 actus.

224 4909 257 4968 ln
273 4907 327 4968 lib.
345 4906 500 4980 naenia,
516 4926 587 4987 cap.
603 4910 633 4969 6.
653 4910 746 4970 Ratio
764 4914 872 4971 autem
887 4908 1013 4990 judicat
1104 4908 1310 4986 deprimam
1328 4925 1404 4987 ergo
1415 4907 1582 4969 dicendum
1596 4906 1682 4986 quod
1689 4908 1849 4989 jejuniam

222 4986 452 5065 quodpropter
466 4988 609 5065 aliquam
625 4987 797 5065 specialem
810 5003 942 5049 causam
952 4990 1012 5051 ali·
1087 4986 1196 5065 roprid
1208 4985 1327 5047 dictum
1344 4985 1490 5048 consistit
1503 4986 1536 5048 in
1551 4986 1742 5049 abstinendo
1767 4986 1849 5049 dci-

222 5065 296 5143 quis
309 5064 406 5126 bomo
426 5062 533 5127 minias
557 5070 664 5126 sumat
682 5062 723 5127 de
742 5066 814 5127 cibo
828 5063 927 5143 quim
948 5067 1010 5150 sibi
1064 5004 1131 5133 Bisa
1143 5064 1199 5127 scd
1211 5062 1427 5143 metaphorice
1438 5063 1557 5127 dictum
1571 5064 1717 5127 consistit
1730 5066 1849 5127 inabs-

223 5141 610 5222 competaretsecuudilm
632 5146 753 5205 statum
781 5160 984 5219 communem
998 5164 1007 5218 3
1063 5142 1194 5205 tinendo
1218 5141 1453 5222 inquibuslibet
1478 5142 1619 5215 nocivis,
1643 5160 1719 5220 quo
1736 5142 1848 5205 maxi-

220 5222 305 5285 sicat
319 5226 450 5302 propter
462 5220 679 5283 infirmitatem
694 5220 877 5295 vitandam,
899 5222 1009 5283 autad
1063 5218 1114 5281 md
1128 5229 1203 5283 sunt
1216 5225 1358 5299 peccata.
1370 5220 1430 5281 Vel
1441 5225 1547 5298 potest
1566 5220 1627 5283 dici
1646 5220 1733 5297 quad
1749 5220 1848 5285 etiam

220 5300 331 5379 aliqua
346 5318 446 5440 opera
463 5300 647 5380 corporalia
672 5296 861 5376 expeditius·
871 5298 1007 5377 agenda.
1060 5298 1219 5377 jejunium
1231 5296 1360 5377 proprii
1374 5298 1494 5360 dictum
1521 5305 1570 5360 est
1594 5299 1789 5361 abstinentia
1805 5300 1849 5360 ab

220 5378 259 5439 lit
278 5380 357 5443 mult
404 5394 456 5451 ma
480 5380 506 5441 ‘s
533 5380 618 5441 ratio
641 5380 729 5439 recta
743 5376 804 5437 boc
825 5376 952 5438 ordinat
967 5376 1008 5438 ad
1061 5377 1212 5439 omnibus
1225 5376 1396 5449 illecebris,
1412 5377 1489 5453 quia
1516 5393 1574 5454 per
1598 5378 1749 5454 quelibet
1770 5376 1852 5441 sitia

220 5457 402 5535 spiritualia
416 5398 502 5521 maq'a
512 5456 645 5521 vitanda
657 5462 689 5518 et
702 5457 786 5517 bona
804 5472 1009 5551 prosequcn-
1061 5453 1211 5534 adjuncta
1224 5454 1341 5516 desinit
1355 5470 1428 5517 csse
1438 5461 1529 5517 actus
1548 5454 1725 5531 virtuosus,
1743 5462 1779 5517 ut
1791 5456 1850 5517 di-

219 5536 271 5596 da.
295 5536 367 5597 Non
387 5540 495 5598 tamen
517 5538 600 5599 ratio
626 5540 714 5597 recta
735 5537 859 5594 tanturn
884 5532 922 5595 de
935 5534 1007 5595 cibo
1061 5537 1148 5594 ctum
1170 5537 1417 5612 enumerare,
1437 5532 1518 5594 adt.

220 5614 401 5684 subtrabit,
416 5620 452 5676 ut
468 5622 586 5677 natura
602 5612 789 5676 conservari
814 5628 880 5674 non
893 5612 1005 5690 possit,
1101 5611 1147 5674 Ad
1161 5611 1337 5674 secundum
1350 5609 1517 5679 dicendum
1535 5610 1621 5691 qubd
1638 5612 1720 5672 nibil
1740 5610 1853 5691 probl-

221 5690 320 5762 quia,
336 5699 374 5752 ut
387 5692 605 5772 Hieronymus
626 5688 811 5770 dicitlbab.
843 5705 880 5751 ca
907 5688 1007 5752 .Non
1062 5690 1115 5752 bct
1130 5694 1235 5752 actum
1255 5689 1352 5750 unius
1367 5688 1492 5750 virtutis
1509 5690 1669 5767 pertinere
1693 5690 1733 5751 ad
1747 5690 1849 5751 aliam

221 5764 473 5840 benedicenter,
480 5769 795 5847 Consecratinuibus,
805 5708 930 5847 atrab),
941 5785 1007 5831 nun
1061 5768 1228 5842 virtutem,
1249 5766 1424 5832 secundina
1444 5767 1531 5848 quod
1544 5764 1669 5846 adeius
1684 5764 1781 5830 finem
1793 5782 1851 5828 nx·

327 3194 414 3269 putet
434 3190 519 3270 qubd
534 3190 694 3272 ieiunium
705 3195 755 3253 est
772 3193 864 3252 aetus
877 3190 1016 3257 vinetis.
1070 3186 1160 3267 drag.
1178 3185 1188 3268 (
1197 3188 1234 3249 lb
1247 3189 1280 3249 in
1290 3188 1426 3269 livanq„
1442 3186 1463 3252 al
1478 3189 1592 3271 med),
1605 3190 1690 3283 qubd
1699 3193 1858 3274 ycy'unium
