4067 6175
220 348 275 418 293
657 338 790 403 slim
807 334 1037 402 lllboloctcdt
1054 342 1211 403 emerim
1230 336 1411 402 SECUNDAE.
1799 350 1854 413 m

260 475 292 535 3.
322 467 501 539 Praeterea,
535 460 712 527 secundom
750 460 941 541 Apostolum
967 458 1009 524 ad
1063 460 1149 541 qubd
1169 462 1202 522 in
1223 463 1422 523 correctione
1442 464 1582 527 iratemd
1601 480 1665 526 non
1684 464 1853 531 damnem

222 552 313 615 nem.
329 548 360 618 3,
379 562 442 608 nen
458 550 535 606 sont
550 540 695 603 iacienda
714 542 801 605 mala
819 547 856 601 ut
877 539 1010 602 veniant
1063 540 1252 601 necessitate
1265 542 1413 617 praecepti
1432 541 1607 603 admonitio
1626 548 1750 606 secreta
1763 564 1855 625 pres-

222 632 318 691 bena.
330 627 415 705 Ergo
428 621 498 703 pari
513 622 637 683 ratione
651 637 717 681 non
730 618 1010 759 sauppe-aeternait-
1062 618 1174 679 cedere
1199 618 1483 677 denuntiationem.
1517 619 1557 677 ln
1586 621 1738 695 operibus
1766 626 1853 686 euim
1984 650 1987 656 Δ

221 704 317 767 tenda
340 706 425 767 bona
446 699 632 762 neroniani
653 698 793 759 malms
853 696 1009 759 correctio
1063 696 1228 755 slraritatis
1251 695 1344 787 pneei
1369 694 1410 754 ud
1430 695 1581 756 dommus
1596 696 1696 757 licum
1709 696 1849 774 imitari,

180 792 183 797 '
220 778 364 846 iraterna
385 782 432 841 os't
453 777 613 858 quoddam
634 778 765 838 bonum.
780 773 866 855 Ergo
880 790 946 834 nou
961 776 1010 833 est
1062 770 1236 863 secundnm
1253 772 1332 863 rllpd
1348 712 1433 851 ἱρὴ.
1448 771 1480 846 ὃ,
1498 776 1513 833 1
1527 774 1662 835 :Estote
1680 775 1851 839 imitatores

221 856 488 945 pretermittenda
503 859 633 949 propter
645 856 808 930 timerem,
824 872 865 915 ne
879 852 933 913 illc
951 849 1008 929 qul
1062 850 1139 917 Dei,
1155 858 1237 911 secut
1250 848 1309 930 pilu
1329 850 1515 921 clarissimi,
1532 860 1560 911 et
1579 852 1731 914 end-uinis
1749 854 1784 915 in
1797 855 1850 917 di-

221 940 305 1003 cerri
331 940 394 1000 itur
406 936 462 997 liat
473 936 622 996 deterior.
1063 926 1205 989 lectione.
1223 926 1308 989 Deus
1324 932 1432 989 autem
1447 926 1605 991 interdum
1618 930 1744 1008 publicb
1757 933 1849 1009 punit

333 1016 506 1081 contraest
519 1012 605 1090 quod
624 1011 742 1073 elicitur
754 1008 906 1071 Proverb.
920 1005 953 1077 9,
965 1002 1007 1065 8:
1064 1006 1225 1066 bominem
1242 1021 1299 1083 pro
1310 1012 1455 1084 peccato,
1470 1006 1560 1069 nulld
1574 1007 1697 1069 secreta
1707 1009 1851 1071 admoui·

221 1096 301 1159 ivelc·
313 1111 442 1173 ecquem
454 1090 632 1158 derisorem.
650 1108 688 1150 ne
702 1088 802 1150 ederit
816 1094 865 1153 te:
880 1084 936 1146 ubi
956 1082 1009 1141 di·
1060 1084 1148 1144 liene
1161 1082 1368 1163 precedente.
1384 1085 1469 1165 Ergo
1482 1084 1609 1148 videtur
1628 1086 1715 1164 qudd
1728 1104 1794 1149 non
1809 1089 1851 1150 sit

218 1178 264 1237 cit
278 1174 393 1236 Glossa
412 1170 533 1253 (ordin.
553 1170 661 1247 Greg„
679 1165 769 1227 lib.8
789 1163 917 1233 ldoral.,
932 1176 1004 1239 cap.
1061 1162 1279 1223 necessarium
1301 1161 1552 1225 admonitionem
1579 1169 1736 1229 secretam
1758 1182 1849 1245 pro-

220 1252 272 1325 di,
287 1252 319 1313 in
339 1250 421 1311 med.
433 1250 464 1330 l:
479 1248 511 1312 N
514 1266 555 1308 en
567 1256 610 1307 est
626 1244 792 1305 tintendum
802 1260 841 1302 ne
854 1241 912 1303 tabi
925 1238 1008 1299 deri·
1061 1238 1172 1301 cedere
1186 1234 1472 1302 denuntiationem.

220 1348 286 1400 cor,
307 1328 377 1391 crim
392 1326 552 1409 arguitur.
575 1320 776 1385 contumelias
796 1320 933 1401 intimet,-
955 1316 1010 1377 sed
1100 1316 1130 1375 2.
1152 1318 1321 1391 Proterea,
1336 1319 1420 1379 sieut
1437 1320 1637 1399 Augustinus
1655 1320 1731 1383 diclt
1744 1323 1778 1383 in
1792 1324 1849 1385 lib.

217 1409 278 1471 boc
289 1406 398 1490 potiris
406 1402 647 1489 procidendum,
661 1418 700 1460 ne
715 1406 835 1459 tractus
846 1397 887 1459 ed
903 1394 1009 1458 odium
1061 1386 1100 1456 de
1116 1394 1295 1465 Mendacio,
1312 1412 1383 1475 cap.
1400 1396 1450 1471 15,
1467 1396 1581 1475 parium
1597 1396 1729 1477 aprio„
1741 1418 1781 1462 em
1796 1421 1853 1481 ge*

221 1488 293 1551 inde
308 1490 363 1569 fiet
374 1486 475 1573 pejor.
488 1482 574 1559 lirgo
595 1476 785 1539 cessandum
799 1482 847 1539 est
862 1474 883 1539 d
897 1490 1009 1538 corre-
1059 1472 1117 1535 ctis
1136 1480 1317 1535 sanctorum
1338 1470 1476 1555 intelligi
1500 1484 1602 1556 potest
1698 1478 1759 1540 iter
1777 1488 1851 1543 nent

220 1569 327 1629 ctione
348 1559 504 1632 fraterni,
527 1554 658 1635 quando
677 1554 810 1618 timetur
829 1572 870 1617 ue
884 1548 1008 1617 batille
1054 1560 1215 1690 precepto
1234 1564 1331 1613 secra
1352 1553 1527 1633 Scriptura
1551 1553 1628 1616 intel
1642 1556 1766 1635 igende.
1791 1559 1850 1621 Sed

220 1644 296 1705 inde
309 1641 457 1703 deterior.
707 1702 710 1707 ,
1074 1632 1207 1711 egestis
1224 1634 1410 1693 sanctorum
1433 1632 1598 1695 iuvenitur
1618 1634 1702 1697 lacta
1720 1638 1850 1714 publica

259 1716 446 1794 despondeo
467 1706 637 1774 dicendum
659 1700 765 1790 (redd,
787 1709 871 1774 rieul
886 1706 1006 1777 dictum
1059 1708 1261 1771 denuntiatio
1290 1709 1412 1787 peccati
1445 1712 1583 1784 occulti,
1608 1713 1700 1777 nulld
1725 1716 1851 1781 secreta

219 1802 269 1859 est
281 1800 341 1855 art.
360 1793 381 1851 3
397 1790 492 1869 buius
508 1793 636 1867 quaest„
652 1787 772 1868 duplex
788 1793 837 1852 est
850 1795 1008 1856 eorrectio
1060 1788 1237 1849 monitione
1250 1788 1466 1865 praecedentec
1479 1788 1562 1851 sicut
1573 1791 1691 1871 legitur
1704 1791 1783 1854 Gen.
1796 1793 1848 1869 37,

215 1870 431 1949 delinquentis
444 1889 452 1927 ε
465 1884 530 1929 aaa
545 1868 676 1947 quidem
689 1868 852 1946 pertinens
866 1870 906 1931 ad
926 1888 1007 1949 praa·
1059 1864 1146 1943 qubd
1161 1864 1279 1958 Jerepd
1290 1868 1448 1929 occurerit
1466 1869 1582 1947 {ratres
1594 1886 1669 1929 euos
1683 1871 1768 1951 apud
1785 1888 1848 1951 pc-

218 1952 312 2021 latos,
324 1966 397 2027 quar
411 1948 580 2009 ordinatur
591 1946 632 2008 ad
646 1947 767 2006 bonum
781 1962 962 2025 commune,
975 1954 1008 2013 ct
1061 1952 1139 2005 tien
1151 1960 1280 2005 cmmtnc
1291 1946 1447 2024 pessimo:
1463 1949 1495 2007 et
1511 1946 1579 2007 Act.
1596 1944 1616 2007 o
1632 1948 1749 2009 dicitur
1763 1944 1849 2027 quod

217 2028 314 2091 babet
329 2028 393 2087 uim
412 2026 608 2097 coactivamp
629 2027 661 2086 ct
673 2024 747 2085 talis
767 2026 922 2087 correctio
941 2046 1007 2089 nen
1059 2022 1171 2083 Petrus
1186 2022 1346 2085 Ananiam
1357 2028 1389 2084 et
1400 2024 1568 2117 Sapbiram
1583 2025 1707 2088 occulte
1721 2027 1849 2090 deirae·

215 2113 267 2170 est
279 2104 465 2169 dimittenda
478 2107 608 2197 prepter
622 2103 839 2164 turbationem
856 2104 926 2183 cius
948 2106 1006 2184 qui
1058 2100 1171 2162 dantes
1193 2100 1232 2161 de
1254 2100 1358 2179 pretio
1383 2117 1453 2181 agn
1479 2102 1606 2181 publied
1628 2104 1848 2181 denuntiavit,

217 2186 407 2265 corripitur,
419 2191 573 2261 tumqura
587 2180 614 2243 si
627 2178 759 2261 propria
769 2186 883 2259 sponte
897 2201 1007 2245 emen-
1059 2176 1150 2241 aulld
1173 2178 1297 2241 secreta
1318 2180 1535 2242 admonitione
1567 2182 1751 2261 praemiss&
1781 2186 1850 2264 ipse

219 2264 290 2327 dari
307 2282 372 2326 uon
396 2263 489 2357 velit,
506 2279 544 2323 ce
567 2259 667 2323 eudus
681 2263 730 2352 cst
749 2277 808 2337 per
826 2278 956 2355 peenas,
971 2267 1008 2326 ut
1060 2258 1157 2351 etiam
1177 2258 1334 2319 boninus
1356 2274 1422 2319 nen
1444 2259 1563 2338 legitur
1585 2261 1709 2323 secreto
1729 2263 1848 2326 admo-

178 2386 181 2391 ’
216 2340 1008 2557 8,,θὲἓεῖ111ῗέζέἷῖἳῧ,1ὶ“1“ὲέ“,ἒῖο“”11ἕέἒῖ1ἐ1;
1058 2334 1850 2497 liliilbtesltttlilldilitiilllii:

217 2497 400 2570 eorumuni3
442 2488 497 2559 tm
520 2497 668 2555 servatur
698 2492 778 2554 ordo
817 2496 953 2571 ustitia,
974 2502 1007 2561 et
1059 2494 1147 2555 creta
1164 2492 1340 2554 admonitio
1360 2494 1519 2573 praecedat
1535 2496 1698 2573 publicam
1718 2500 1847 2565 denua*

216 2576 315 2637 unius
328 2574 477 2651 exemplo
497 2571 552 2634 alii
576 2572 788 2633 deterrentur.
800 2513 890 2635 diade
906 2574 1007 2655 judex
1059 2571 1237 2633 tiationem.

216 2668 284 2715 nou
295 2650 506 2733 pretermittit
516 2650 600 2711 terre
610 2650 801 2711 senentiam
815 2651 1008 2717 condemna·
1097 2648 1118 2709 3
1150 2650 1328 2723 Praeterca,
1347 2651 1510 2713 accusatio
1530 2654 1579 2715 est
1595 2652 1726 2733 gravior
1746 2655 1848 2732 quim

217 2730 315 2795 tionis
330 2731 363 2793 iu
418 2731 573 2799 ceantem,
588 2727 879 2807 proptertimorcm
894 2733 1008 2796 turba·
1058 2725 1269 2789 denuntiatio.
1285 2726 1345 2790 Sed
1365 2728 1406 2790 ad
1449 2730 1588 2793 ublicam
1610 2734 1848 2795 accusationem

218 2812 316 2873 tionis
331 2811 380 2891 ips
394 2825 446 2881 us,
463 2807 515 2871 vel
528 2807 626 2868 etiam
639 2807 817 2868 amicorum
831 2808 913 2888 ejus.
1059 2808 1163 2885 potest
1183 2804 1301 2885 aliquis
1341 2822 1377 2867 ro
1436 2826 1510 2883 ere,
1525 2808 1615 2872 nolit
1630 2810 1848 2873 admonitione

255 2889 328 2953 Atia
340 2887 418 2950 verb
429 2890 478 2949 est
491 2885 647 2977 correctio
657 2880 810 2977 fraterna,
825 2886 917 2966 culus
931 2886 1005 2951 duis
1058 2881 1182 2946 secreta
1200 2902 1243 2979 pr
1329 2888 1422 2959 eute;
1448 2887 1680 2951 determinatur
1704 2889 1788 2951 enim
1812 2891 1847 2952 in

214 2972 266 3031 est
277 2964 456 3029 emendatio
469 2963 705 3041 delenquentes,
720 2978 786 3024 eoa
803 2963 926 3029 babens
944 2985 1006 3028 co-
1057 2961 1227 3037 decretali,
1243 2980 1315 3042 cap.
1331 2963 1486 3041 Qualiter,
1499 2964 1551 3040 il,
1567 2968 1606 3029 de
1620 2970 1848 3030 llccusationin

215 3044 392 3118 notionem,
414 3041 471 3106 sed
491 3040 669 3120 simplicem
690 3040 959 3120 admonitionem
975 3049 1007 3110 et
1058 3040 1131 3115 bus,
1148 3040 1235 3120 qubd
1249 3042 1478 3106 comestionem
1496 3044 1582 3108 dedet
1598 3047 1768 3127 procedere
1780 3052 1848 3110 sote

217 3123 287 3186 ided
299 3123 354 3186 ubi
369 3121 579 3201 probabiliter
594 3120 772 3183 estimatur
790 3121 875 3198 qubd
891 3140 1007 3201 pecea-
1057 3119 1237 3199 inscriptio.
1255 3121 1341 3201 Ergo
1356 3121 1481 3185 uidetur
1494 3124 1580 3204 qudd
1596 3142 1659 3187 uon
1676 3128 1717 3187 sit
1730 3127 1768 3189 de
1783 3145 1847 3188 ne-

215 3208 267 3264 tor
278 3201 529 3265 admonitionem
537 3216 602 3260 neu
617 3197 762 3277 recipiat,
777 3199 834 3260 sed
844 3199 884 3262 ad
895 3201 1006 3281 pejora
1058 3199 1205 3260 cessitate
1230 3201 1379 3280 praecepti
1427 3202 1491 3262 udd
1520 3209 1642 3266 secreta
1673 3206 1848 3268 admonitio

216 3281 355 3354 labatur,
368 3287 417 3342 est
430 3279 473 3340 ab
489 3273 673 3358 hujusmodl
695 3276 896 3364 correctione
914 3279 1006 3343 desi·
1057 3275 1215 3356 precedat
1227 3279 1389 3355 publicam
1403 3219 1689 3356 denuntiationem.

214 3359 374 3430 eundum,
388 3357 466 3436 quia
481 3372 520 3418 ea
532 3371 605 3434 quo
618 3360 693 3418 eunt
706 3355 746 3416 ad
761 3354 874 3430 tlnem,
889 3357 1006 3422 debent
1096 3351 1127 3414 b.
1145 3356 1320 3423 l’retcrea.
1337 3371 1403 3416 non
1432 3357 1557 3419 videtur
1582 3375 1654 3420 esse
1677 3361 1846 3438 probabile

216 3453 251 3500 rc
297 3436 356 3499 lari
369 3427 545 3498 sccundiim
562 3432 648 3512 qued
662 3432 762 3513 exigit
773 3434 857 3506 ratio
879 3435 963 3498 linis.
1081 3432 1145 3494 odd
1168 3447 1207 3495 ea
1224 3447 1297 3526 quoe
1319 3439 1395 3495 sunt
1416 3435 1450 3494 in
1474 3437 1636 3496 communi
1663 3443 1846 3500 eonsuetu—

282 3513 456 3593 dprimcm
476 3529 555 3592 erge
573 3508 741 3575 dicendum
756 3511 842 3590 qudd
862 3515 1004 3578 medicus
1056 3447 1131 3572 dine
1158 3511 1214 3573 reli
1241 3527 1402 3584 reserum,
1438 3515 1503 3574 sint
1537 3519 1650 3578 centra
1683 3521 1846 3608 praecepta

214 3589 354 3671 quddam
364 3587 529 3653 coactione
541 3590 686 3652 utiturln
697 3590 932 3669 phreneticum,
948 3595 1004 3673 qui
1055 3587 1185 3650 Gbristi.
1253 3589 1487 3652 dconsuelum
1504 3596 1553 3654 est
1576 3592 1610 3652 in
1633 3593 1844 3673 religionibus

214 3686 326 3732 curam
342 3669 568 3749 ejusrecipere
588 3685 654 3730 non
670 3670 804 3743 vult3et
824 3670 900 3734 buic
915 3674 1006 3734 acst-
1056 3667 1141 3744 qubd
1170 3669 1202 3728 in
1229 3685 1265 3730 ca
1292 3669 1378 3730 itulis
1408 3669 1450 3732 ali
1476 3671 1509 3731 ui
1539 3670 1780 3748 proclamentur
1804 3673 1844 3737 de

214 3747 511 3842 milatprcorrectie
522 3747 740 3825 prolatorum,
751 3765 824 3826 quse
834 3749 929 3840 babet
941 3749 1005 3812 rim
1057 3745 1160 3825 culpis
1171 3789 1183 3840 ⁹.
1196 3687 1289 3808 nulld
1296 3745 1419 3809 scoretal
1434 3689 1652 3811 admonitione
1664 3750 1842 3828 praemissa.

214 3832 403 3962 poectum,
416 3841 483 3887 nen
493 3829 602 3889 autem
613 3825 752 3904 simplex
764 3833 922 3890 eorrectio
936 3828 1006 3892 ira·
1054 3821 1140 3904 Ergo
1154 3824 1279 3964 repletur
1288 3825 1374 3903 qubd
1389 3826 1452 3888 boc
1466 3844 1531 3888 non
1544 3827 1586 3890 sit
1599 3829 1638 3890 de
1653 3831 1843 3894 necessitate

228 3920 318 3966 erna.
1077 3921 1157 3964 roecc
1195 3921 1215 3962 ι.

253 3981 302 4042 Ad
324 3980 500 4045 secundum
527 3979 696 4044 dicendum
717 3979 804 4058 qubd
828 3979 869 4044 de
891 3999 1005 4046 cerre-
1055 3917 1124 4040 pb.
1140 3923 1309 4053 deleme,
1324 3982 1466 4062 religiosi
1484 3987 1635 4046 tenentur
1649 3985 1716 4048 sais
1729 3986 1842 4065 praela·

213 4059 320 4124 ctione
335 4058 478 4122 iratcmd
490 4059 586 4120 datur
600 4063 813 4152 preceptum,
825 4061 1004 4125 secundirm
1054 4057 1094 4119 tis
1112 4059 1252 4121 obedire.
1280 4059 1340 4119 Sed
1361 4063 1556 4138 quandoque
1576 4064 1698 4140 prelati
1725 4066 1841 4144 proci⁴

213 4139 374 4236 quodsest
396 4144 487 4201 actae
504 4136 651 4231 virtutem
672 4135 735 4199 bec
753 4141 862 4230 autem
879 4147 930 4202 est
947 4159 1005 4204 ee—
1054 4137 1148 4230 pluat
1172 4140 1224 4230 ycl
1250 4139 1465 4233 communiter
1484 4139 1651 4234 omnibus,
1669 4143 1719 4204 vel
1744 4143 1840 4206 alieni

212 4213 1004 4386 illllldlbdtttltlilitf'a..fiili
1053 4215 1782 4375 5ῐὲ1εὲ11131111311ῑὲ1111121
1794 4241 1842 4362 il

213 4378 268 4434 tur
284 4373 380 4434 bomo
394 4373 545 4446 deterior,
562 4388 711 4453 jamnon
726 4377 865 4452 pertinet
884 4375 925 4438 ad
939 4394 1003 4440 re-
1053 4389 1127 4434 cere
1149 4373 1247 4436 etiam
1280 4377 1355 4436 ante
1388 4379 1545 4436 secretam
1577 4377 1839 4441 admonitionem.

212 4453 342 4515 ritatem
357 4453 441 4526 vitto,
458 4469 519 4514 nec
530 4451 616 4514 cadit
630 4451 692 4513 sub
732 4458 880 4530 recepto.
1052 4449 1123 4511 Nou
1136 4469 1213 4531 ergo
1232 4453 1280 4514 est
1294 4450 1332 4513 dc
1348 4453 1538 4515 necessitate
1560 4457 1709 4534 precepti
1733 4461 1769 4519 ut
1782 4475 1841 4520 se-

252 4530 299 4590 Ad
321 4530 450 4592 tertium
469 4529 638 4592 dicendum
657 4468 743 4622 qudi
757 4544 796 4592 ea
814 4548 886 4609 qum
911 4531 1002 4593 onii-
1053 4533 1140 4622 oreta
1159 4529 1333 4594 admonitio
1352 4531 1510 4610 procedat
1524 4534 1685 4613 publicam
1708 4534 1840 4598 denun-

212 4613 333 4700 nantur
353 4607 394 4670 ad
415 4607 532 4678 duem,
548 4608 668 4700 bpbcut
682 4610 840 4700 rationem
860 4611 935 4672 boui
958 4631 1001 4676 ex
1052 4611 1230 4669 irationem.
1563 4689 1572 4706 0
1670 4689 1707 4708 ..

209 4685 1001 4856 idisti.tinnitibltfitlibiiiilt:
1051 4685 1839 4850 ..Stblidtitltllli’litlilillb

211 4848 308 4936 tronis
324 4842 449 4938 fratris,
458 4859 526 4922 pam
538 4859 610 4934 nen·
621 4842 718 4934 babet
728 4843 886 4934 rationem
901 4847 999 4940 boni3
1052 4842 1153 4934 iprum
1164 4843 1248 4904 inter
1259 4852 1286 4904 te
1296 4853 1324 4904 et
1332 4844 1439 4984 psum
1451 4844 1552 4907 coium
1573 4846 1681 4940 (serm.
1698 4847 1748 4920 lo,
1763 4867 1835 4928 cap.

211 4919 705 5077 {uindicarent
723 4921 1000 5065 ilidlttlt:
1047 4917 1294 5082 tetii-ilde
1307 4923 1837 5086 tridentini-attii

210 5077 289 5138 lutri.
680 5154 688 5168 ι
851 5156 858 5170 .
1051 5077 1211 5169 defendere
1220 5087 1384 5171 peccatum
1397 5093 1505 5150 suum:
1520 5089 1548 5141 et
1568 5099 1657 5160 quem
1671 5084 1720 5144 air
1737 5085 1838 5163 serere

203 5161 392 5232 „temelicos
413 5172 470 5216 vu.
489 5187 527 5198 -
546 5151 659 5216 deren
675 5172 710 5217 uc
724 5165 915 5218 correctione
927 5159 1000 5237 sre-
1049 5155 1215 5225 notiorem,
1233 5157 1311 5238 [eccs
1320 5175 1467 5236 pejerem.
1479 5157 1538 5220 Sed
1553 5159 1592 5220 ad
1607 5159 1667 5220 boc
1688 5165 1837 5224 tenemur

249 5234 339 5293 terne
352 5232 457 5294 debem
472 5249 512 5294 ea
532 5233 710 5294 necessitate
722 5235 873 5313 precepti
885 5236 1000 5299 mmc-
1073 5252 1109 5296 or
1130 5242 1323 5314 praeceptum
1350 5235 1514 5298 charitatis
1538 5240 1573 5297 ut
1595 5253 1766 5300 careamus
1796 5259 1837 5302 ne

247 5312 332 5372 nitio
346 5320 463 5374 secrete
477 5309 650 5391 precedere
670 5311 946 5375 denuntiationem.
959 5350 999 5360 —
1051 5253 1149 5374 Fmter
1174 5313 1313 5375 deterior
1332 5311 1500 5374 efficiatur.
1522 5313 1607 5395 Ergo
1621 5315 1700 5377 erdo
1720 5335 1834 5380 correa-

271 5387 390 5462 b,diet.
405 5390 454 5465 lt,
468 5397 575 5470 qemi.
600 5389 631 5462 2,
659 5398 722 5452 ert.
737 5390 769 5464 3,
789 5401 896 5471 queat.
912 5394 943 5468 1,
957 5394 999 5458 ed
1050 5391 1164 5454 ottonis
1178 5390 1326 5454 iratorum
1339 5391 1496 5454 caditsub
1533 5397 1681 5470 recepte.

271 5513 281 5541 ,
299 5476 326 5529 et
341 5468 448 5562 quodi.
463 5469 515 5542 11,
529 5476 592 5562 prt.
607 5467 680 5548 lt.)
703 5549 710 5562 .
1089 5471 1277 5548 despondeo
1290 5468 1457 5531 dicendum
1470 5409 1556 5548 qugd
1574 5472 1661 5536 cirea
1673 5475 1832 5552 publicam

247 5547 296 5608 Ad
317 5555 489 5625 septimum
511 5565 560 5610 erc
583 5547 778 5627 proceditur.
806 5549 835 5609 1.
865 5549 999 5614 Videtur
1050 5548 1326 5640 denuntiationem
1344 5553 1547 5626 peccatorum
1573 5550 1832 5644 diptinguendum

243 5645 273 5781 g
303 5646 651 5784 'Algehssg'ffldlaeffii
664 5717 778 5791 plurimi.
792 5718 886 5777 Επεὶ,
896 5729 923 5779 et
931 5719 996 5778 pdig,
1049 5631 1188 5767 gdditldildt
1200 5629 1748 5796 gffiinggffiissffiblffilissssnffllt
1758 5641 1833 5770 5ῑέΙΙΙΙΙΙῑ

209 5781 289 5837 baone
315 5786 564 5860 illnecmpdrtn.
1052 5791 1118 5842 tuin
1147 5782 1359 5844 adhibendum
1382 5785 1558 5847 remedium
1586 5787 1614 5847 ei
1638 5790 1693 5864 qui
1715 5805 1831 5866 pocca-

2023 1109 2033 1399 l
