4067 6175
147 352 220 411 iseo
354 340 500 421 'pensu
514 346 677 405 cxxxxn.
697 346 742 403 ou
762 344 816 403 ιιι
834 346 868 403 ru
881 334 1005 419 eomas
1022 345 1194 407 ιιιιιιιιιι
1212 340 1407 405 nuttcroms
1423 347 1566 407 seiros
1710 348 1783 409 isso

144 466 293 527 firmatur
306 465 418 525 contra
428 450 628 541 spiritualem
640 458 827 539 proiectum.
993 459 1393 539 animumanimum,
1406 465 1438 523 et
1446 462 1528 524 sicut
1536 460 1783 603 Chrpsostomue

185 543 231 605 Ad
238 542 368 604 tertium
378 538 545 601 dicendum
553 538 791 617 quodquedam
806 538 942 602 consilia
992 541 1079 613 dicit,
1095 539 1215 601 homo
1232 540 1266 599 in
1282 540 1374 620 epist.
1397 540 1438 602 ad
1458 541 1571 616 liobe„
1614 544 1784 608 eclinundo

143 627 221 684 sunt
236 637 309 699 qua
320 619 347 681 si
361 617 692 697 praetermitterentur,
710 622 777 679 tota
790 616 854 678 vita
875 618 941 677 ho-
992 620 1032 682 ad
1046 618 1115 688 dn..
1129 617 1390 687 medicamentum,
1414 618 1498 699 quod
1512 620 1646 682 morini
1663 624 1698 684 iu
1720 642 1785 703 poe-

145 700 239 761 miuis
253 695 844 777 implicareturnegotiissecularibus3
861 694 941 775 puta
992 698 1128 759 nitentia
1156 707 1317 776 operatur.
1350 698 1408 758 Sed
1436 702 1608 777 paupertas
1639 702 1782 763 excludit

144 780 172 839 si
188 778 270 856 ¹(ptris
293 778 426 838 haberet
448 793 508 853 pro
532 775 628 847 mum,
657 774 706 834 vel
734 773 940 835 matrimonio
992 778 1271 855 eleemosynarum
1300 777 1514 855 largitionem.
1551 778 1637 861 Ergo
1660 780 1785 843 ridetur

143 860 303 948 uteretur,
318 792 836 945 autaliquidigujusmodiraperet
851 852 938 931 quod
991 854 1078 932 quod
1098 860 1271 947 paupertas
1300 856 1340 916 ad
1370 855 1596 933 perlectionem
1619 858 1784 939 religionis

143 939 285 1075 Riothmaflt
298 930 941 1073 οᾶιιάιιξέὓιῖἳίιέιᾶιὲιᾶιιέῗίιῗοιιιξιὲξινῗιιιιιιειίιθῑ
992 950 1058 993 Μ
1112 939 1295 1073 {mentm
1315 1010 1401 1088 quod
1420 1010 1594 1091 Gregorius
1613 1011 1689 1075 dicit
1708 1015 1785 1077 init

145 1092 250 1170 ligiosi
266 1094 424 1151 tenentur.
435 1088 631 1150 Suntautem
645 1086 790 1165 quedam
803 1087 941 1151 consilia
991 1088 1120 1162 liccat,
1138 1103 1209 1166 cap.
1226 1088 1275 1160 15,
1292 1087 1428 1167 aprino.
1446 1108 1453 1149 ε
1470 1092 1554 1152 Sunt
1567 1093 1784 1175 nonuuttije-

143 1172 184 1231 de
198 1167 390 1248 quibusdam
404 1168 589 1228 meliorihus
597 1166 845 1244 particularibus
862 1167 941 1229 acti·
991 1177 1121 1234 storum,
1137 1168 1191 1248 qui
1200 1167 1242 1228 ad
1252 1167 1567 1247 cornprehendendum
1580 1168 1697 1231 alimen
1707 1190 1783 1252 per·-

144 1249 218 1317 bus,
247 1264 319 1325 quae
346 1244 544 1323 praetermitti
565 1248 702 1322 possunt
728 1246 852 1321 ubsque
881 1244 941 1306 hoc
989 1247 1136 1326 sectionis
1156 1246 1308 1315 accincti,
1334 1246 1406 1307 dum
1427 1246 1543 1308 uiliore
1567 1248 1700 1310 interisio
1721 1270 1761 1331 up

143 1325 234 1404 quhd
247 1326 312 1387 rita
324 1324 461 1385 hominis
476 1324 677 1385 secularibus
694 1323 817 1385 actibus
827 1321 942 1401 impli-
987 1332 1116 1404 petunt,
1146 1324 1285 1385 euterius
1320 1332 1435 1386 cuncto
1459 1324 1688 1405 derelinquunt.
1723 1330 1783 1390 Sed

143 1409 237 1465 cetur
251 1423 259 1462 ε
275 1402 359 1463 unde
370 1419 435 1463 uon
451 1406 577 1480 oportet
590 1400 676 1479 quod
688 1401 727 1464 ad
740 1402 850 1463 omnia
860 1401 939 1464 talia
991 1403 1115 1483 accingi
1132 1403 1175 1465 ‘ad
1203 1402 1536 1543 comprehendendum
1552 1406 1680 1466 culmen
1702 1422 1784 1485 per-

143 1482 289 1561 ·religiosi
303 1485 486 1543 teneantur.
992 1479 1150 1556 iectionis,
1165 1483 1276 1561 propri
1320 1482 1458 1557 pertinet
1472 1482 1512 1543 ad
1530 1482 1720 1563 religiosos,
1747 1492 1785 1547 ut

145 1563 327 1622 Asusamus
344 1576 392 1619 ιιι.
404 1592 443 1603 -
455 1556 567 1621 Utrum
576 1564 743 1637 paupertas
758 1558 942 1637 requiretur
991 1560 1111 1622 dicium
1125 1568 1174 1623 est
1183 1565 1244 1623 art.
1262 1560 1277 1620 1
1293 1559 1356 1621 eti
1373 1576 1466 1639 proec.
1491 1560 1575 1639 lirg'o
1590 1561 1635 1622 eis
1653 1579 1785 1642 compe-

187 1639 229 1699 ed
239 1638 463 1719 perfectionem
475 1636 648 1715 religionis.
658 1669 696 1681 -
712 1635 814 1716 tius..
830 1645 893 1697 ort.
909 1636 940 1712 ι,
990 1638 1030 1699 ιιι
1046 1644 1093 1731 ut·
1129 1656 1166 1701 er
1189 1638 1404 1731 voluntariam
1423 1643 1644 1717 paupertatem
1668 1648 1784 1706 cuneta

186 1714 438 1857 memmei}
447 1714 941 1873 ‘grgffiffi'pfafffdzpffpssp'lgpp
992 1717 1401 1874 θχΙιιθιῐι,ιιιῧιιξιιῗιξιξΙιιιιιιιίέιιιιῗιιιιιιιιι
1414 1793 1512 1871 quiid,
1528 1796 1610 1857 sicut
1623 1814 1722 1888 supra
1737 1798 1784 1858 di·

145 1876 320 1952 pauperius
348 1889 415 1933 ιιοιι
445 1873 632 1949 requiratur
652 1871 692 1931 ad
711 1870 941 1948 perfectionem
992 1876 1078 1933 ctum
1106 1877 1166 1947 est,
1190 1877 1252 1935 art.
1278 1889 1386 1950 praee,
1412 1875 1516 1933 status
1542 1874 1706 1955 religionis
1736 1884 1785 1937 est

146 1950 326 2043 religionis.
338 1949 409 2010 Non
423 1951 507 2010 enirn
520 1949 645 2011 ridetur
667 1947 707 2009 ad
729 1952 847 2009 statum
861 1966 942 2026 per·-
991 1950 1151 2027 qunddam
1162 1951 1351 2013 exercitium
1365 1955 1397 2011 et
1407 1950 1586 2029 disciplina,
1610 1970 1667 2030 per
1685 1965 1783 2031 quiam

145 2030 293 2092 iectionis
314 2028 473 2107 pertinere
489 2028 566 2088 illud
583 2026 668 2106 quod
692 2026 801 2089 illicite
815 2026 861 2087 tit.
878 2028 941 2087 Sed
992 2030 1179 2105 pervenitur
1205 2030 1243 2090 ad
1270 2028 1496 2107 perfectionem
1526 2030 1702 2093 eharitatis.
1734 2034 1782 2093 Ad

144 2108 232 2185 quod
246 2108 343 2169 homo
356 2108 535 2169 omniasua
546 2106 720 2241 retinebuut,
738 2104 942 2196 videturesse
991 2106 1078 2184 quod
1099 2107 1228 2185 quidem
1250 2108 1468 2199 necessarium
1494 2112 1542 2169 est
1560 2109 1646 2186 quod
1664 2110 1782 2189 aliquis

146 2187 295 2247 illicitum
310 2205 319 2244 ι
334 2185 507 2261 Apostolus
531 2200 617 2245 emm
680 2181 720 2245 ad
745 2182 889 2243 Corinth.
908 2182 941 2256 S,
992 2182 1141 2246 allectum
1166 2202 1261 2247 suum
1283 2184 1423 2246 totaliter
1448 2186 1613 2249 abstrahat
1639 2186 1659 2250 A
1686 2190 1783 2251 rebus

36 2256 37 2297 ³
148 2264 260 2336 limat
269 2260 553 2324 tormamtidelihus
563 2262 782 2339 eleemosynas
794 2259 941 2329 laciendl,
993 2262 1164 2326 mundanis
1177 2281 1185 2322 t
1197 2262 1272 2325 dicii
1285 2264 1371 2324 enim
1382 2264 1581 2343 Augustinus
1597 2265 1629 2326 iu
1648 2267 1781 2329 tucon-

36 2336 37 2351 ’
147 2342 256 2403 dicens
271 2361 279 2399 r
295 2340 333 2402 Si
346 2340 490 2401 uoluntas
500 2347 647 2418 promptu
660 2346 715 2405 ert,
730 2336 897 2399 secuudum
910 2338 943 2399 id
993 2340 1081 2414 less„
1103 2358 1174 2419 cap.
1191 2341 1243 2415 29,
1267 2341 1307 2403 ad
1326 2343 1430 2402 Deum
1453 2341 1589 2420 loquens
1602 2362 1610 2402 z
1623 2342 1734 2406 Minis
1755 2354 1783 2407 ts

147 2418 234 2498 quod
253 2417 351 2487 hahet,
369 2426 494 2497 acceptu
508 2425 561 2486 est,
585 2417 616 2477 id
633 2420 694 2491 est,
705 2420 743 2477 ut
760 2416 943 2479 necessaria
992 2428 1075 2479 umet
1089 2420 1145 2499 qui
1160 2427 1258 2481 tecum
1275 2419 1397 2513 aliquid
1413 2428 1505 2487 amnt,
1522 2422 1606 2501 quod
1620 2440 1686 2483 mon
1698 2442 1783 2502 pro-

39 2526 41 2535 ·
151 2498 336 2569 retineatis3
366 2498 397 2557 et
424 2501 536 2573 postea
562 2494 779 2558 suhditzNou
801 2496 883 2555 enim
906 2502 943 2555 ut
988 2505 1209 2577 pterteumot.
1225 2498 1314 2561 Unde
1331 2516 1365 2559 ιιι
1387 2498 1715 2579 lih.83t)Q.,queest.
1731 2502 1780 2576 36,

149 2572 944 2643 aliissitremissio,nohisuutemtribututiorGlos-
994 2577 1072 2638 circ.
1096 2577 1212 2655 princ,
1236 2577 1312 2639 dicit
1333 2579 1544 2657 Augustinus,
1565 2580 1653 2657 qued
1674 2582 1782 2642 nutri·

149 2672 187 2716 sa
205 2652 368 2724 interl.,id
380 2659 434 2721 est,
439 2652 663 2731 pauperiorem
676 2669 777 2729 super
786 2650 864 2712 illud
878 2652 944 2712 lad
991 2663 1128 2716 mentum
1149 2656 1312 2717 eharitatis
1331 2664 1375 2716 eet
1394 2656 1562 2718 diminutio
1588 2676 1626 2718 cu
1648 2657 1782 2727 tditutis,

150 2733 233 2793 Tim.
247 2732 266 2792 6
281 2752 290 2791 ι
305 2729 626 2798 Hodeutesetimentu,
637 2738 665 2791 et
675 2729 942 2811 quihustepomur,
992 2734 1142 2813 perfectio
1157 2735 1246 2796 nulio
1258 2733 1487 2815 reperiremus
1502 2734 1562 2797 hoc
1577 2677 1684 2797 aufem
1699 2737 1783 2815 quod

36 2818 38 2857 ι
151 2812 229 2873 dicit
242 2811 355 2871 Glossa
365 2810 471 2871 interl.
488 2809 585 2870 :Etsi
594 2808 677 2870 nihil
688 2809 887 2871 intulerimus
897 2810 944 2871 oet
993 2811 1111 2891 aliquis
1125 2829 1177 2873 res
1191 2813 1371 2875 mundanas
1387 2814 1538 2891 possidet,
1554 2814 1694 2876 allicitur
1710 2817 1786 2877 aui-

152 2889 290 2950 ohtaturi
311 2888 417 2955 simus,
432 2905 498 2949 uon
516 2895 616 2969 tuuuu
631 2886 756 2948 omniuo
771 2886 946 2967 obiiciendo
993 2906 1066 2952 mus
1080 2890 1149 2970 ejus
1166 2891 1206 2953 ad
1220 2909 1332 2954 earum
1348 2908 1503 2954 umorem.
1519 2892 1607 2955 Unde
1626 2892 1785 2973 Augusti-
1799 2952 1805 2960 ,

152 2975 227 3029 suut
239 2964 821 3046 Aucteneporutiu.Ergorideturquhd
832 2967 945 3027 volun·
995 2969 1139 3031 nusdicit
1150 2970 1183 3029 iu
1194 2971 1287 3048 epist.
1303 2970 1343 3032 ad
1361 2971 1532 3031 Paulinum
1544 2976 1576 3032 et
1596 2971 1784 3035 Therasiam

153 3046 237 3110 taria
253 3049 425 3124 paupertas
440 3060 506 3108 nou
524 3043 710 3123 requiratur
721 3044 761 3108 ad
777 3044 945 3124 perlectio-
992 3046 1045 3118 Ὶ31,
1062 3049 1105 3109 ιι.
1120 3046 1175 3122 at,
1192 3045 1319 3121 Amed„
1339 3048 1450 3127 quode
1465 3054 1591 3111 mmena
1609 3048 1786 3131 diliguntur

153 3143 228 3187 uem
243 3124 420 3203 religionis.
588 3186 591 3191 ,
996 3149 1010 3181 ι
1028 3125 1147 3189 aretinis
1162 3128 1277 3206 adepta
1288 3125 1386 3205 quim
1400 3129 1580 3206 concupita.
1602 3129 1682 3192 Nam
1701 3131 1787 3194 unde

193 3203 224 3262 2.
238 3205 405 3272 Praeterea,
417 3202 613 3280 quicumque
622 3201 795 3280 soexponit
803 3202 945 3280 periculo
996 3203 1154 3284 «juvenis
1172 3205 1225 3266 ille
1244 3206 1343 3268 tristis
1361 3206 1522 3277 discessit;
1541 3207 1604 3268 uisi
1621 3210 1698 3286 quia
1714 3226 1789 3272 ma-

154 3285 275 3359 peccat.
306 3280 366 3341 Sed
389 3281 444 3342 ille
464 3279 521 3359 qul
548 3280 697 3342 omnihus
719 3281 786 3340 suis
812 3281 944 3352 relictis,
997 3301 1108 3376 ugnas
1120 3285 1247 3346 divitias
1261 3284 1423 3346 hahebat?
1436 3285 1528 3345 Aliud
1542 3289 1591 3346 est
1603 3287 1688 3348 enim
1701 3287 1787 3349 nolle

36 3383 37 3420 1
153 3361 370 3422 uoluntariam
396 3363 615 3437 paupertatem
635 3362 786 3426 sectetur,
813 3359 947 3435 exponit
997 3378 1237 3440 »incorporare
1251 3379 1323 3440 quse
1336 3362 1469 3434 desunt;
1494 3363 1658 3443 alipilum
1673 3365 1788 3426 incor-

36 3481 37 3502 .
154 3455 189 3498 se
203 3436 346 3516 periculo
358 3441 390 3498 et
400 3435 753 3576 spiritualiseeundirm
764 3436 842 3496 illud
853 3439 944 3498 Pror.
997 3463 1011 3497 e
1028 3446 1142 3519 porata
1154 3441 1324 3530 divellere:
1340 3441 1396 3503 illa
1412 3441 1499 3534 velut
1513 3445 1669 3504 extranea
1690 3460 1786 3535 repu-

154 3517 212 3590 30,
228 3518 248 3578 9
263 3537 272 3576 r
288 3516 319 3578 N
322 3535 336 3576 e
349 3517 412 3595 [ort
451 3525 580 3595 epestutc
597 3516 773 3593 compulsus
800 3516 888 3594 {uror
918 3522 947 3576 et
997 3541 1012 3576 e
1028 3519 1176 3592 diauturs
1188 3518 1336 3581 istavero
1349 3518 1446 3580 veluti
1458 3522 1600 3582 membra
1611 3519 1788 3598 precidun-

36 3629 37 3640 .
151 3595 309 3674 perjurem
334 3611 447 3654 nomen
475 3594 534 3654 Dei
561 3591 636 3660 mei,-
655 3597 686 3654 et
708 3592 874 3664 Ecolih'l,
899 3593 944 3654 1:
997 3596 1784 3676 «tur1).»EtChrsostomusdicltsuperhiatth.

36 3801 60 3818 „
154 3750 316 3828 corporali
336 3770 343 3809 ε

155 3674 290 3752 Propter
312 3670 834 3811 inefssqffipggimdggffimim'tgt
851 3671 947 3810 esim
996 3675 1083 3766 hom.
1133 3675 1787 3835 ,ιιιιιῧήιιιιὸιιαρρζιιιίἕἀιυίιειρνιιηι

378 3769 417 3810 ιι
695 3793 703 3808 .
833 3769 840 3808 :
995 3771 1224 3816 nmoranucce
1271 3771 1282 3816 e
1332 3772 1505 3822 ummumr
1535 3773 1742 3817 veementer

177 3829 292 3905 rotcpit
316 3827 548 3906 repressimus
583 3827 698 3906 rotepit
714 3787 948 3906 etpecuuiuret
993 3771 1122 3894 *euyida
1193 3857 1199 3868 ¹
1750 3759 1786 3838 μ

154 3847 368 3984 sshilosophus
381 3903 532 3967 dieitint
574 3905 671 3976 thiu,
687 3921 756 3984 cup.
775 3903 948 3998 .¹'.1'³.¹¹¹‘i³l
1031 3849 1076 3971 fit
1087 3911 1160 3972 inde
1175 3916 1224 3972 est
1239 3909 1325 3988 quod
1341 3910 1381 3973 ad
1393 3909 1620 3988 perlectionem
1640 3911 1787 3975 charita-

179 3986 272 4053 rinc.,
288 3984 373 4063 quod
396 3984 519 4046 uidetur
540 3982 677 4064 wadum
690 3983 829 4064 perditio
848 4001 947 4062 aperus
997 3989 1037 4049 tis
1059 3989 1287 4067 acquirendam
1315 3989 1454 4066 primum
1474 3988 1717 4050 tundamentum
1738 3995 1785 4052 esi

36 4101 37 4140 3
155 4005 289 4125 fluminis
315 4080 377 4124 esee
397 4062 558 4143 corruptio
573 4061 774 4130 diuitiarum,
818 4062 873 4124 uie
890 4079 948 4141 per
997 4067 1181 4130 voluntaria
1218 4071 1381 4144 aupertas,
1395 4066 1485 4127 utali
1510 4066 1698 4145 uisahsque
1712 4085 1787 4146 pm.

156 4141 309 4202 insieme
324 4141 414 4204 uiuit.
429 4141 512 4221 Ergo
526 4139 652 4203 ridetur
665 4138 751 4219 quod
764 4079 948 4232 roiuptaria
996 4146 1068 4224 prio
1083 4146 1180 4219 vivat,
1196 4085 1320 4207 sirenis
1333 4145 1469 4204 Domino
1514 4145 1593 4206 atth.
1606 4143 1657 4236 19,
1673 4143 1710 4206 tl
1724 4165 1732 4205 t
1747 4146 1784 4208 Si

157 4223 329 4297 paupertas
357 4235 423 4281 non
448 4219 634 4298 requiratur
654 4218 695 4282 ad
720 4218 949 4298 perlectionem
997 4225 1209 4306 eispersectur
1221 4241 1291 4292 esse,
1308 4221 1395 4291 rede,
1413 4222 1508 4304 vende
1529 4239 1634 4283 omero
1651 4239 1717 4303 que
1733 4221 1787 4283 lto-

156 4298 316 4377 religiosce
325 4299 408 4360 vitu.
996 4301 1058 4371 hes,
1073 4302 1156 4363 etde
1170 4300 1370 4382 pauperihus,
1385 4305 1413 4360 et
1426 4299 1507 4369 oeni,
1525 4317 1649 4380 sepum
1658 4319 1717 4360 me.⁴

195 4375 226 4435 3.
247 4375 530 4448 pretereuntem
551 4375 585 4437 in
608 4374 713 4438 medio
732 4375 889 4450 consistit,
912 4378 949 4436 ut
1038 4380 1086 4441 Ad
1110 4380 1250 4459 primum
1279 4395 1356 4458 ergo
1379 4378 1548 4440 dicendum
1571 4375 1674 4456 quod,
1703 4376 1786 4440 sicut

156 4452 271 4516 dicitur
285 4454 482 4526 inillthic„
498 4469 568 4546 cap.
579 4455 610 4514 t.
621 4453 681 4515 Sed
695 4453 749 4514 llla
764 4454 821 4530 qui
839 4454 948 4516 omnia
998 4459 1113 4521 Glossa
1133 4459 1254 4533 interl,
1274 4456 1351 4518 ibid.
1363 4456 1480 4529 subdit,
1499 4472 1591 4516 «uon
1615 4455 1687 4518 ideo
1706 4456 1787 4519 dixit

156 4530 286 4592 dimittit
309 4549 366 4609 per
385 4532 603 4594 voluntariam
625 4535 859 4610 paupertatem,
882 4549 947 4594 uon
999 4561 1013 4593 e
1032 4537 1216 4616 Apostolus,
1233 4536 1353 4597 seilicet
1365 4544 1401 4595 ut
1413 4534 1503 4596 nohis
1518 4552 1583 4595 non
1600 4535 1640 4595 sit
1657 4534 1787 4598 tributu·

157 4609 282 4671 vldetur
295 4610 329 4668 in
343 4609 448 4672 medio
461 4607 648 4683 consistere,
662 4613 716 4671 sed
727 4609 829 4687 magis
844 4609 878 4670 in
891 4629 949 4671 ex·
1000 4614 1089 4683 etio,
1112 4614 1145 4676 id
1165 4618 1226 4689 est,
1252 4629 1316 4692 pau
1340 4618 1437 4685 ertas,
1464 4613 1543 4691 quin
1565 4613 1679 4674 melius
1703 4619 1788 4678 esset

156 4695 269 4748 tremo.
285 4687 310 4746 E
380 4703 444 4747 non
457 4688 692 4767 ugitrirtuose3
707 4692 739 4749 et
753 4687 867 4750 ituhee
882 4704 948 4749 ιοιι
1000 4693 1139 4756 comnia
1162 4691 1259 4767 ιιι-ις
1282 4632 1339 4754 seg
1361 4691 1495 4753 infirmis
1519 4689 1618 4763 timet,
1639 4692 1787 4768 quossis

157 4766 327 4843 pertineto
362 4765 434 4826 ritu
449 4765 684 4843 perlectionem.
998 4770 1108 4833 adare
1128 4773 1237 4831 monet
1256 4773 1293 4830 ut
1306 4772 1478 4849 egestatem
1492 4785 1557 4830 ιιοιι
1599 4771 1786 4831 otiantur.»

197 4843 226 4903 i.
248 4845 421 4916 Praeterea,
448 4845 560 4904 ulhmu
579 4843 731 4920 periretis
755 4841 893 4906 hominis
915 4843 948 4904 in
999 4849 1087 4911 Unde
1100 4849 1248 4910 similiter
1266 4848 1363 4910 etiam
1377 4865 1419 4909 ex
1434 4846 1548 4909 GlossA
1562 4787 1627 4910 nist
1645 4865 1711 4908 non
1737 4854 1786 4910 est

159 4920 351 4984 heatitudine
366 4922 521 4982 consistit.
532 4921 591 4982 Sed
603 4921 720 4984 divitie
731 4920 899 4982 conterunt
909 4921 949 4982 ad
998 4926 1250 5006 intelligentium,
1262 4925 1423 5004 quoduam
1434 4926 1529 4988 liceat
1541 4927 1650 4987 omnia
1667 4923 1787 5002 tempo-

158 5001 418 5062 heatitudineme
446 5000 663 5060 diciturenim
691 5000 789 5060 Eccli.
818 4997 868 5072 31,
902 4999 946 5060 8:
998 5005 1081 5068 ralla
1102 5005 1253 5083 abjicere,
1271 5005 1325 5066 sed
1346 5003 1513 5085 quodnou
1537 5021 1578 5065 ex
1596 5003 1786 5064 necessitate

157 5081 271 5139 iltutus
292 5077 444 5172 dissequi
459 5078 603 5168 iuuentus
622 5085 665 5136 est
682 5078 749 5138 eine
761 5077 901 5145 meeum,-
917 5082 949 5139 et
997 5083 1184 5220 re'pulritur.
1207 5082 1294 5144 Unde
1317 5086 1349 5144 et
1361 5083 1549 5144 Ambrosius
1574 5080 1702 5168 dicit-in
1717 5080 1733 5140 1
1748 5079 1787 5140 de

159 5156 367 5234 Philosophus
376 5156 490 5218 dicitin
500 5155 516 5216 l
528 5154 643 5228 Ethra,
654 5171 724 5233 cap.
739 5155 769 5227 5,
781 5157 866 5219 circa
877 5156 946 5228 lim,
998 5162 1026 5223 0
1051 5205 1072 5236 .,
1086 5178 1157 5238 cap.
1168 5159 1218 5234 δι),
1233 5165 1308 5223 ante
1315 5161 1397 5222 med.
1411 5179 1419 5220 ε
1432 5183 1447 5217 e
1460 5159 1616 5221 Dominus
1629 5172 1695 5217 nou
1706 5159 1785 5229 vult,

157 5241 188 5292 et
201 5249 272 5309 cap.
287 5235 337 5306 10,
351 5235 437 5312 quhd
448 5232 949 5314 orpnnicddiciticedeseruiuntnd
999 5265 1013 5296 e
1031 5240 1148 5302 eciticet
1162 5257 1201 5301 eac
1211 5239 1391 5301 necessitate
1405 5237 1562 5318 precepti.
1574 5235 1670 5297 simul
1685 5233 1787 5296 ellan·

156 5310 343 5390 selicitutcm.
364 5313 448 5393 Ergo
475 5312 660 5376 voluntarla
680 5317 854 5390 paupertas
880 5329 946 5374 non
999 5319 1061 5380 edi
1082 5321 1172 5396 opes,
1198 5317 1253 5380 sed
1275 5315 1549 5396 dispensarisuisi
1570 5312 1652 5375 torte
1665 5316 1704 5375 ut
1721 5311 1787 5374 Eli-

158 5407 173 5448 r
216 5390 334 5449 uiuitur
345 5390 385 5452 ad
400 5390 625 5468 perlectlonem
633 5389 810 5469 religionis.
998 5421 1013 5455 e
1031 5414 1113 5461 suus
1127 5397 1225 5458 hores
1237 5412 1314 5457 suos
1328 5393 1452 5467 occidit,
1471 5396 1503 5453 et
1523 5391 1612 5470 parit
1627 5405 1786 5470 pauperes

192 5527 193 5532 .
218 5507 226 5528 ·
247 5469 415 5543 rieures,
431 5473 532 5532 tullii
542 5469 767 5609 θιιῑιθθιὲἓῐΰΰι
781 5473 830 5531 ⁰⁸¹
844 5469 947 5548 Ρθιῐθ·
998 5499 1013 5535 ι
1029 5492 1072 5538 ex
1087 5474 1225 5552 eoquod
1241 5473 1364 5548 hahuit,
1378 5475 1414 5532 ut
1425 5467 1516 5534 nulli
1528 5469 1608 5533 card
1622 5476 1787 5532 teneretur

156 5545 237 5608 ctior
248 5544 346 5624 quem
355 5549 456 5609 status
469 5547 644 5628 religionis.
695 5547 947 5626 aepiscopipnsa
998 5551 1245 5616 «domestica»

156 5627 231 5684 sunt
239 5625 405 5702 proprium
420 5623 550 5699 habere,
568 5629 604 5688 ut
615 5643 653 5688 ιιι
694 5625 871 5688 uhahitum
885 5631 944 5699 est,
1003 5647 1007 5656 ⁴

155 5719 211 5779 nu·
227 5717 336 5780 pree,
348 5703 448 5766 erto.
462 5704 546 5780 sego
562 5708 595 5766 et
603 5703 758 5786 rolrniosi·
1032 5720 1070 5788 a)
1090 5719 1128 5776 m
1141 5715 1204 5774 uss.
1220 5713 1303 5773 eote:
1318 5713 1445 5774 tenue
1458 5715 1534 5771 oeten
1545 5715 1655 5771 neme
1667 5715 1787 5786 petet

194 5781 225 5840 ti.
241 5781 409 5857 Praeterea,
431 5780 509 5846 dare
527 5782 764 5864 eleemosynam
789 5788 838 5844 ost
863 5797 943 5862 opus
996 5787 1132 5845 tmen.·'
