4067 6175
234 339 289 398 sno
762 340 896 411 oonsr.
917 335 1024 395 xxxa.
1044 337 1088 393 ns
1107 336 1343 397 mendosum.
1809 340 1862 399 sro

236 472 305 518 rem
331 454 551 535 indigentiam.
582 452 826 533 intelligendum
852 457 903 514 est
937 452 1022 515 enim
1077 457 1163 515 tores
1184 452 1355 515 intendunt
1380 451 1483 517 lacere
1509 452 1655 517 hominos
1676 455 1858 531 virtuosos,

236 532 324 612 quod
332 534 435 612 magis
450 534 739 614 conjunctismagis
753 538 813 602 est,
826 531 949 593 catoris
961 546 1024 609 pa·
1078 531 1290 594 sioutdicitur
1302 532 1335 593 in
1348 530 1496 605 astute,
1516 548 1587 610 cap.
1608 533 1638 605 1,
1661 534 1747 597 circa
1762 536 1859 605 med..

235 613 338 684 ribus,
350 612 622 674 benefaciendum.
634 610 666 672 Si
676 610 929 672 nutemduorum
936 625 1022 670 unus
1077 614 1109 671 et
1121 609 1177 671 lib.
1191 611 1221 683 1,
1236 626 1307 689 cap.
1318 610 1338 671 o
1349 609 1445 684 et133
1460 609 1515 672 sed
1525 608 1670 673 scorsum
1677 610 1772 673 datur
1780 630 1861 689 prce·

235 694 285 753 est
304 689 406 769 magis
430 690 633 769 conjunctus,
652 692 685 750 et
705 688 788 749 alter
808 688 910 766 magis
932 686 1024 749 indi·
1077 694 1205 765 ceptum
1218 687 1258 749 dc
1276 686 1485 751 beneficentia
1501 691 1532 750 et
1552 688 1591 750 de
1609 688 1797 762 dilectione;
1812 692 1859 751 di-

236 786 336 849 gens,
352 785 418 829 uon
433 773 539 845 potest
551 768 727 830 universali
741 765 856 845 regula
865 764 1023 826 determl-
1076 765 1160 828 citur
1172 767 1257 829 enim
1270 766 1382 828 Matth.
1396 765 1427 838 5,
1439 765 1479 827 ii
1491 786 1500 826 e
1513 766 1580 829 Diti
1604 768 1644 829 ite
1655 767 1799 831 inaniens
1810 787 1858 829 oe·

235 846 307 907 nari
322 847 374 907 cui
395 847 436 907 sit
450 846 551 925 magis
567 844 840 915 subveniendum,
855 844 935 921 quia
946 847 1027 907 suut.
1075 852 1173 915 seror,
1191 853 1219 906 ct
1239 844 1463 925 benefaciatis
1479 846 1563 925 quio
1587 854 1679 907 mont
1694 862 1760 907 oon.
1771 846 1857 925 Ergo

235 924 353 986 diversi
367 924 485 1003 gradus
499 928 532 984 et
544 924 726 1003 indigentia
747 928 781 985 et
797 923 1021 1014 propinquitat-
1075 922 1284 985 beneficentia
1305 926 1355 985 est
1374 923 1473 986 virtus
1490 922 1673 987 distinctad
1688 924 1856 987 charitate.

236 1004 296 1073 tiss
319 1002 375 1065 sed
390 1003 452 1065 hoc
467 1002 604 1079 requirit
637 1002 781 1063 rudentis
793 1000 958 1081 pudicium.
1112 1000 1143 1060 2.
1178 1001 1354 1073 Praeterea,
1388 1002 1465 1064 vitia
1486 1002 1655 1065 virtutibus
1683 1019 1859 1080 opponun-

275 1080 322 1141 ad
336 1081 512 1142 oecuudum
521 1021 689 1142 dicessum
703 1079 789 1159 qudd
799 1081 920 1141 bouum
933 1080 1022 1141 mul-
1074 1082 1136 1168 tur.
1148 1079 1206 1139 Sed
1222 1079 1436 1141 beneticentiae
1445 1086 1652 1157 opponuntur
1665 1082 1774 1159 aliqua
1787 1100 1861 1160 spe·

235 1165 344 1219 torum
367 1174 536 1219 commuue
556 1158 695 1220 divinius
718 1161 767 1219 est
781 1156 881 1235 quim
900 1158 1020 1219 bonum
1073 1158 1168 1221 cratia
1184 1158 1272 1227 vitia,
1287 1175 1344 1235 per
1363 1176 1436 1235 quse
1459 1166 1684 1229 nocumentum
1709 1163 1859 1237 proximo

235 1237 344 1298 unius.
362 1236 452 1298 Unde
473 1253 533 1315 pro
550 1237 637 1297 bono
652 1236 814 1297 communi
836 1234 1020 1313 reipublicae
1074 1233 1220 1307 insertur,
1236 1234 1313 1313 puta
1327 1237 1450 1313 rapina,
1466 1236 1600 1309 lurtum,
1616 1242 1647 1299 ct
1659 1239 1723 1301 alia
1735 1237 1858 1317 hujus-

237 1316 287 1376 rel
308 1313 490 1391 spirituali,
504 1315 557 1376 rel
579 1314 760 1392 temporali,
774 1314 953 1376 virtuosum
971 1317 1020 1375 est
1073 1314 1168 1375 modi.
1184 1313 1269 1393 Ergo
1285 1314 1493 1379 beneficentia
1513 1320 1562 1377 est
1578 1316 1725 1453 specialis
1739 1317 1856 1379 virtus.

235 1393 323 1470 qudd
334 1392 453 1471 uliquis
474 1394 571 1455 etiam
584 1392 747 1470 propriam
768 1392 866 1454 vitam
879 1397 1020 1469 exponat
1110 1391 1140 1453 3.
1155 1394 1331 1464 Praetereo,
1346 1391 1485 1455 charitas
1508 1410 1573 1453 non
1613 1393 1687 1455 istin
1710 1395 1799 1456 uitur
1823 1396 1857 1459 iu

237 1471 390 1549 periculo.
403 1472 443 1532 Et
463 1469 536 1533 ided
547 1469 621 1532 crim
629 1469 876 1533 communicatio
898 1470 933 1529 in
948 1469 1020 1531 bel-
1037 1514 1039 1517 -
1072 1471 1188 1532 multas
1204 1470 1337 1549 species.
1352 1468 1412 1531 Sed
1434 1470 1643 1533 beneficentia
1657 1413 1782 1535 videtur
1792 1474 1857 1537 dis-

235 1550 306 1611 licis
329 1549 455 1611 actibus
484 1548 650 1610 ordinetur
675 1548 716 1611 ad
741 1548 1019 1611 conseruationem
1071 1548 1173 1626 tingui
1197 1549 1231 1609 in
1258 1550 1375 1611 multas
1406 1549 1549 1627 species,
1565 1550 1740 1613 sccunddm
1753 1552 1857 1615 diver·

235 1627 429 1705 reipublice,
447 1626 481 1687 in
490 1628 552 1689 hoc
564 1627 654 1688 aniles
664 1626 850 1704 impendens
863 1626 1019 1687 commili-
1071 1642 1124 1687 sas
1145 1626 1371 1690 beneficiorum
1396 1626 1529 1704 specics.
1543 1628 1628 1706 Ergo
1644 1629 1855 1697 beneficentia
1948 1680 1949 1683 η

236 1706 304 1766 toni
329 1705 509 1776 auxilium,
539 1722 605 1766 non
631 1704 785 1783 impendit
809 1704 839 1765 ei
863 1701 1019 1781 tanquam
1071 1707 1119 1765 est
1132 1704 1196 1768 alia
1210 1702 1340 1767 virtusd
1354 1705 1519 1767 charitate.

236 1785 368 1862 privato
380 1782 713 1861 pessumeuntem
728 1786 831 1845 totam
839 1780 1020 1859 rempubli-
1110 1781 1169 1845 sed
1184 1787 1296 1845 contra
1309 1788 1359 1845 est
1370 1782 1456 1859 qudd
1468 1786 1558 1845 actus
1574 1782 1708 1845 interior
1722 1788 1753 1845 ct
1767 1790 1856 1849 exte·

235 1878 308 1925 cam
322 1861 460 1940 jurans3
483 1865 516 1922 et
539 1860 611 1923 ided
631 1878 698 1923 nou
722 1860 917 1931 mimirum,
934 1858 961 1919 si
983 1859 1017 1919 in
1068 1861 1137 1921 rior
1149 1876 1213 1921 non
1227 1862 1398 1938 requirunt
1413 1862 1555 1923 diversas
1571 1861 1715 1923 virtutes.
1729 1862 1788 1925 Sed
1802 1865 1857 1927 bc·

234 1935 1017 2018 hoeproterturextraneaeeonjnnetoseeundnm
1070 1937 1238 2001 reticentia
1255 1946 1287 2001 et
1305 1938 1528 2001 benevolentia
1545 1956 1610 2000 non
1624 1938 1775 2002 ditlerunt
1794 1942 1856 2003 nisi

235 2034 376 2081 samem.
557 2022 559 2026 ’
1070 2016 1152 2079 sicut
1172 2021 1262 2079 aelus
1281 2018 1423 2079 exterior
1436 2022 1468 2081 et
1483 2017 1627 2089 interior,
1641 2018 1719 2095 quia
1730 2020 1857 2081 beneti-

232 2138 236 2143 ‚
273 2094 323 2159 ad
335 2098 465 2159 tertium
476 2094 646 2159 dicendum
656 2094 742 2173 qudd
759 2094 878 2173 duplex
898 2096 948 2156 est
959 2093 1019 2155 dc-
1070 2095 1175 2157 centia
1197 2099 1245 2157 est
1259 2096 1407 2157 executio
1419 2096 1660 2157 benevolentiae.
1674 2097 1759 2176 Ergo
1775 2097 1857 2161 sicut

235 2177 359 2239 bitum:
382 2193 483 2237 unum
503 2174 632 2253 quidem
647 2174 735 2267 quod
751 2190 817 2235 nou
831 2175 880 2233 est
900 2189 1018 2232 nume-
1070 2173 1293 2237 benevolentia
1305 2190 1370 2235 non
1389 2176 1439 2235 cst
1455 2174 1520 2237 alia
1534 2170 1634 2235 virtus
1647 2172 1855 2250 teneritate,

234 2252 371 2317 randum
384 2253 418 2314 in
430 2254 523 2315 bonis
532 2251 602 2331 ejus
613 2268 671 2327 qur
684 2252 788 2324 debet,
798 2251 854 2313 sed
865 2246 972 2329 potids
983 2250 1017 2310 in
1070 2250 1115 2313 ita
1128 2268 1188 2313 nee
1207 2250 1426 2315 beneficentia.
1776 2312 1780 2319 ,

235 2330 328 2394 bouis
344 2332 415 2412 ejus
426 2332 479 2394 eui
493 2330 642 2402 delectum
658 2327 736 2409 puta
748 2330 776 2389 si
792 2328 909 2406 aliquis
922 2326 1020 2389 habet
1109 2328 1296 2406 llesponded
1312 2327 1481 2391 dicendum
1499 2328 1584 2407 qudd
1599 2329 1732 2393 virtutes
1744 2331 1857 2393 diver-

234 2410 406 2487 peeuniam
425 2413 565 2473 autrem
589 2407 686 2471 aliam
707 2406 852 2477 alterius,
867 2406 919 2468 nel
932 2404 1018 2467 lurto
1070 2404 1236 2469 silicantur
1252 2403 1427 2471 secuudum
1441 2406 1583 2469 divorsas
1602 2407 1743 2471 rationes
1760 2408 1857 2488 obje-

234 2490 407 2561 sublatam,
419 2488 471 2551 rel
483 2491 596 2549 mutuo
608 2490 788 2562 acceptum,
806 2483 873 2547 sire
884 2481 1019 2561 deposi-
1070 2484 1122 2545 eli.
1138 2485 1257 2547 Eadem
1273 2489 1382 2549 autem
1406 2488 1454 2549 est
1469 2486 1553 2549 ratio
1577 2484 1721 2548 iormalis
1742 2487 1855 2567 objecti

233 2573 311 2639 tam,
328 2566 380 2628 rel
392 2566 502 2643 aliquo
515 2565 578 2627 alio
593 2564 689 2625 simili
699 2562 806 2635 modo,
820 2559 1017 2641 etquantdru
1070 2562 1234 2625 eharitatis
1258 2568 1290 2625 et
1310 2562 1547 2637 beneficentiam
1561 2580 1636 2627 nam
1656 2569 1793 2644 utraque
1806 2582 1858 2631 re-

234 2644 274 2706 ad
296 2646 358 2705 lroc
379 2644 473 2706 debet
490 2644 587 2705 homo
606 2640 696 2722 priris
720 2642 852 2703 reddere
876 2640 1017 2702 debitum
1069 2640 1163 2733 spicit
1176 2642 1333 2705 rationem
1347 2658 1549 2704 communem
1562 2642 1656 2711 boni,
1671 2646 1708 2704 ut
1722 2661 1763 2704 ex
1777 2657 1858 2723 pra·

233 2720 333 2801 quam
346 2740 389 2783 ex
400 2738 439 2783 eo
452 2720 638 2783 benefacere
652 2719 843 2799 conjunctis,
860 2718 922 2781 nisi
936 2715 1018 2778 iortd
1069 2718 1160 2793 ductis
1174 2724 1271 2799 patet,
1285 2722 1345 2782 art.
1362 2720 1378 2781 1
1394 2720 1489 2798 hujus
1504 2725 1618 2797 quest.
1634 2720 1722 2785 Unde
1731 2722 1857 2783 beneti-

234 2805 319 2862 esset
344 2804 439 2861 tante
464 2794 662 2861 necessitatis
690 2798 857 2870 articulus,
889 2797 922 2856 in
951 2812 1017 2873 quo
1070 2798 1175 2862 contla
1201 2814 1268 2861 nou
1293 2802 1341 2860 est
1363 2798 1428 2861 alia
1450 2798 1550 2860 virtus
1578 2795 1785 2875 deharitato,
1801 2800 1857 2863 sed

234 2879 331 2941 etiam
346 2878 458 2940 liceret
479 2878 539 2956 ipsi
561 2894 629 2939 rem
652 2876 791 2939 alienam
815 2874 959 2952 accipere
977 2874 1017 2935 ad
1069 2876 1215 2939 nominat
1225 2875 1396 2956 quemdam
1408 2876 1572 2939 charitatis
1585 2880 1704 2939 adum.

235 2955 489 3018 subveniendum
521 2954 744 3017 necessitatem
769 2954 919 3034 patienti3
954 2952 1020 3041 nisi
1109 2954 1358 3032 adprimurner
1380 2952 1578 3017 edicendum
1598 2954 1684 3033 quid
1700 2961 1857 3035 praecepta
1889 2959 1893 2965 '

234 3032 315 3097 iortd
329 3036 361 3097 et
374 3034 426 3095 illc
440 3033 492 3097 eui
509 3050 561 3097 res
575 3032 727 3106 debetur,
742 3032 776 3093 in
790 3032 884 3094 simili
898 3046 1018 3094 ncces-
1069 3048 1134 3094 non
1159 3034 1276 3096 dantur
1298 3032 1337 3096 de
1360 2974 1521 3096 {aditibus
1546 3032 1720 3110 virtutum,
1743 3033 1798 3096 scd
1818 3036 1858 3098 de

234 3113 339 3176 sitate‘
351 3115 453 3186 esset3
475 3113 509 3174 iu
535 3129 600 3191 quo
620 3116 727 3174 tannen
751 3127 829 3172 casu
853 3109 1018 3190 pensanda
1069 3111 1214 3187 actibus;
1230 3117 1262 3174 et
1274 3112 1345 3178 idod
1358 3112 1529 3176 diversitas
1544 3117 1776 3192 preceptorum
1791 3132 1856 3176 non

234 3196 316 3253 esset
330 3191 498 3268 utriusque
510 3190 648 3252 conditio
659 3185 833 3251 seeunddm
843 3191 923 3251 alios
934 3205 1018 3248 eon·
1070 3189 1229 3268 signifieat
1242 3190 1385 3256 diversos
1398 3191 1526 3254 habitus
1543 3192 1715 3268 virtutum,
1733 3193 1788 3254 sed
1801 3193 1857 3254 di-

234 3271 370 3331 ditioues
385 3269 556 3347 requisitas
571 3267 734 3347 prudentis
747 3268 878 3345 jndicio,
894 3267 1017 3343 quinia
1071 3285 1179 3330 versos
1191 3274 1294 3332 actus.
1922 3268 1925 3274 '

235 3349 353 3408 tatibus
379 3363 446 3439 non
463 3347 780 3439 potestnnirersalis
812 3345 924 3426 regola
947 3344 1016 3407 dari
1109 3345 1629 3440 Adsecuudumdicenduprqudd
1646 3347 1729 3410 sicut
1747 3350 1858 3412 omnia

234 3426 1017 3582 eastitatiscalliditatis?
1069 3424 1858 3576 dtsstlttzaaeitttinstallatus:

235 3583 329 3643 Aliud
343 3588 451 3644 nuum
468 3586 518 3642 est
544 3581 684 3642 debitum
702 3581 788 3658 quod
813 3582 1017 3656 computatur
1069 3583 1186 3641 cuntur
1198 3581 1238 3642 ad
1253 3597 1407 3652 aurorem,
1422 3581 1466 3644 ita
1479 3580 1591 3642 omnia
1607 3586 1811 3654 nocumenta,
1822 3583 1855 3642 in

235 3664 269 3721 in
285 3661 376 3722 bonis
398 3659 467 3721 e'us
481 3659 538 3737 qui
552 3659 664 3731 debet,
679 3663 710 3718 et
724 3675 790 3718 nou
804 3659 874 3737 ejus
887 3656 940 3717 cui
954 3655 1017 3718 do-
1068 3662 1226 3735 quautum
1252 3658 1498 3720 considerantur
1519 3653 1693 3720 secunddm
1711 3675 1858 3723 eommu-

234 3741 344 3811 betur;
358 3756 403 3816 pu
456 3737 485 3799 si
504 3739 659 3798 debeatur
672 3753 791 3798 uonox
811 3735 938 3796 'ustitieo
953 3752 1018 3796 ne-
1069 3753 1142 3797 nem
1163 3737 1319 3798 rationem
1335 3737 1431 3810 mali,
1447 3737 1646 3798 reducuntur
1669 3735 1710 3798 ad
1728 3737 1856 3806 odinum

234 3818 403 3889 cessitate,
417 3816 474 3877 sed
495 3833 539 3876 ex
558 3813 697 3891 quddam
710 3755 825 3876 morosi
846 3813 1013 3903 equitate,
1068 3818 1278 3891 proutautcm
1291 3813 1719 3878 consideranturseeunddm
1729 3815 1856 3892 aliquas

233 3900 272 3956 ut
300 3893 457 3974 contingit
481 3894 516 3953 iu
540 3893 701 3955 bcueticiis
722 3893 822 3972 gratis
845 3895 1012 3968 suscepte.
1068 3893 1222 3970 speciales
1245 3893 1386 3956 rationes
1410 3894 1459 3956 vol
1480 3893 1555 3956 boni
1578 3893 1629 3956 sel
1643 3892 1738 3966 mali,
1755 3894 1860 3956 redu--

233 3973 360 4034 Nullius
380 3977 489 4034 auum
509 3970 719 4033 benelactoris
751 3969 942 4032 beneficium
966 3977 1016 4031 cst
1067 3974 1185 4032 cuntur
1197 3970 1235 4033 ad
1250 3973 1292 4033 ali
1319 3987 1376 4034 uas
1387 3973 1540 4049 speciales
1551 3971 1685 4034 virtutes
1699 3973 1749 4033 vel
1762 3973 1857 4046 ritia;

233 4055 371 4125 mutum,
386 4051 469 4113 sient
487 4053 675 4126 parentum
689 4052 723 4111 et
735 4049 806 4110 idod
817 4052 966 4126 parentes
981 4047 1015 4108 in
1067 4052 1097 4109 et
1115 4047 1291 4113 secundum
1329 4067 1367 4112 oc
1379 4051 1476 4114 ctiam
1497 4055 1574 4113 sunt
1585 4049 1719 4114 diverses
1731 4051 1858 4114 beneti-

232 4127 513 4208 recompensandis
523 4127 684 4190 metietis
694 4130 771 4190 sunt
783 4127 932 4188 omnibus
941 4125 1014 4187 aliis
1066 4122 1189 4189 ciorum
1211 4126 1357 4207 specim.

233 4207 433 4286 proterendi,
447 4206 510 4268 nisi
519 4207 693 4268 necessitas
701 4224 743 4267 ex
753 4205 818 4268 alid
831 4209 922 4282 purte
931 4222 1016 4281 prae-
1108 4207 1196 4268 Unde
1210 4211 1298 4285 putet
1309 4206 1479 4286 responsio
1494 4205 1533 4268 ad
1547 4207 1686 4269 tertium.

234 4363 286 4425 nis
307 4363 429 4425 utilitas
451 4361 1014 4454 Ecclesrae,velreipublicelualus
1084 4397 1131 4462 Ἦ
1293 4323 1320 4397 Q
1421 4435 1459 4444 —
1496 4401 1516 4461 1
1556 4400 1577 4462 d
1617 4365 1624 4381 ·
1723 4399 1730 4414 .
1771 4400 1783 4462 ι

232 4445 340 4504 autern
356 4441 586 4532 estastipratio
599 4440 747 4503 habenda
765 4445 797 4502 et
818 4445 1016 4532 conpunctio-
1135 4419 1152 4461 ¹³
1183 4399 1539 4558 ⁸²⁸¹³⁸¹⁰⁵Y⁸³35visw
1578 4417 1655 4462 “m
1666 4405 1769 4462 ‘’rm'‘
1784 4417 1818 4462 ⁰³

233 4521 307 4593 nis,
322 4519 512 4582 etheueiicri
528 4536 621 4581 susce
645 4519 687 4592 ti;
700 4536 772 4597 queo
788 4519 934 4580 simdster
949 4534 1015 4578 nou
1154 4565 1163 4594 4
1497 4523 1504 4538 ·

233 4602 339 4675 pomi
351 4538 865 4676 fflmunmgupffdemmmffl,
1107 4578 1227 4642 Deinde
1241 4577 1508 4641 considerandum
1522 4584 1571 4642 est
1582 4577 1620 4641 de
1630 4579 1856 4660 eleemosyna:

254 4719 258 4724 .
272 4677 489 4754 mmmm
501 4674 765 4752 &mamm
775 4677 1017 4752 pmnwsgum
1071 4661 1100 4719 et
1125 4657 1209 4720 eirea
1226 4657 1287 4718 lroc
1306 4661 1498 4794 pausentur
1520 4657 1629 4720 decem
1656 4679 1664 4719 z
1693 4659 1722 4720 1ο
1746 4660 1856 4722 ulrdrn

234 4754 506 4895 semme
515 4751 1019 4893 solesmenses
1066 4736 1855 4894 altaalta...tlt‘lrttttlttlilie

234 4909 373 4972 randum
394 4873 567 4988 paredo„
581 4913 735 4970 gemme„
755 4909 790 4968 5„
816 4907 1016 4970 necessitates
1070 4890 1134 4952 sint
1150 4891 1290 4968 potiores
1312 4891 1534 4986 eleemosynae,
1549 4889 1658 4956 utrum
1671 4895 1854 4976 spirituales

234 4987 530 5050 pgmpfflo
540 4987 642 5065 magi,
653 4986 762 5048 nme
775 4985 921 5047 desem
933 4984 1017 5046 filio,
1070 4970 1120 5031 vel
1136 4969 1334 5047 corporalem
1349 4967 1379 5028 tr
1392 4974 1501 5032 utrum
1513 4971 1696 5065 corporales
1712 4973 1857 5068 eleemo·
1875 5023 1880 5049 ,

234 5061 1019 5221 ae.s.se¹ee:r.¹zl¹t.sant⁸se
1071 5045 1735 5206 illittlitttlttliatitlttd’i
1748 5055 1856 5191 titii.

235 5218 957 5377 mnezpprnesnmuruu2
1070 5205 1856 5364 scaaelaereainnumere

365 5341 387 5373 .,
458 5341 466 5359 .
530 5341 552 5372 .,
713 5341 721 5359 .
1132 5327 1140 5356 s
1295 5361 1302 5373 ·
1715 5365 1725 5385 ο
1785 5361 1791 5375 ⁸
1845 5325 1854 5350 r

234 5418 414 5479 enecone
427 5431 471 5480 w·
487 5450 523 5461 -
537 5414 1020 5511 arcesseremusne
1072 5359 1256 5513 talla?
1271 5359 1855 5518 iitetelttltttattatta

549 5494 703 5598 illicias&-
1073 5518 1253 5580 Anniculus
1273 5535 1399 5578 enruus.
1420 5517 1587 5580 -Undm
1607 5515 1800 5580 dorcelcemo
1838 5550 1857 5563 -

190 5650 197 5669 ,
275 5591 321 5653 Ad
331 5597 482 5670 quartum
492 5594 537 5655 sic
547 5593 923 5672 proceditur.1.videtur
935 5593 1020 5672 qudd
1112 5613 1185 5656 nom
1202 5598 1244 5656 sit
1261 5603 1348 5658 octos
1370 5595 1543 5657 claritatis.
1560 5630 1596 5640 -
1624 5592 1673 5674 (d,
1704 5595 1776 5656 dist.
1806 5597 1855 5665 1,

234 5671 444 5734 beneficentia
471 5671 513 5732 sit
540 5673 685 5750 specialis
720 5673 833 5734 virtus.
861 5673 1021 5748 Praecpta
1113 5673 1267 5752 questi,
1284 5674 1579 5752 ort.1‚qoeest.3.l

235 5749 324 5811 enim
345 5749 387 5814 ad
408 5749 539 5813 rututes
561 5751 771 5826 ordinantur,
794 5754 871 5828 quia
890 5749 1021 5826 legisla—
1113 5751 1160 5814 Ad
1175 5753 1311 5829 primum
1324 5754 1370 5830 sie¹
1380 5751 1570 5830 proceditur.
1586 5753 1614 5814 1.
1631 5752 1763 5818 Videtur
1773 5751 1856 5832 qudd
