4067 6175
231 277 299 334 tint
664 268 796 330 sum
812 267 1040 328 nummum
1059 269 1215 328 SECUNDA
1235 267 1413 329 saeuitum.
1792 273 1863 329 ttius

229 403 315 454 circa
333 385 557 452 delectationes
571 383 697 458 tactiis;
720 383 956 446 diciturautem
977 400 1020 445 ex
1074 385 1113 445 Et
1138 382 1207 446 ided
1230 401 1296 446 nou
1320 390 1367 444 ost
1382 390 1564 462 peccatum,
1586 390 1614 446 st
1631 399 1684 462 pei
1705 383 1864 447 rationem

229 485 308 530 coiis
351 467 452 539 uenti,
467 470 499 528 et
536 481 572 529 er
587 459 827 526 similitudinem
846 460 1020 541 quamdam
1074 463 1170 524 liomo
1191 466 1301 525 utatur
1322 464 1420 523 rebus
1442 462 1604 538 aliquibus
1630 461 1670 524 ad
1698 461 1794 524 tinem
1823 464 1866 525 ait

209 587 218 618 ,
233 547 267 609 iii
281 485 475 626 qssllusdam
522 544 562 606 iis
575 541 717 604 materiis
728 539 791 602 :ita
805 539 902 601 etiam
915 540 1021 601 luxu·
1074 543 1170 618 quem
1182 544 1269 611 sunt,
1279 539 1372 600 modo
1383 539 1755 610 ctordincconienieuti,
1771 539 1866 600 durii-

199 619 210 642 ‘
232 625 282 688 ria
295 620 516 705 principaliter
529 620 658 699 quidem
679 620 729 680 est
747 617 782 678 in
799 617 1019 695 voluptatibus
1076 618 1168 681 modo
1185 619 1238 681 ille
1251 617 1323 680 finis
1342 619 1383 680 sit
1399 617 1528 697 aliquod
1544 615 1619 679 icrd
1632 619 1763 678 bonum.
1775 617 1866 680 Sicut

232 702 392 774 venereis,
416 717 489 780 quai
505 696 643 760 maxime
657 700 689 758 et
701 694 861 776 precipue
876 696 1021 758 animum
1074 699 1181 758 autem
1194 695 1324 760 estsere
1336 699 1458 758 bonum
1471 693 1557 772 quod
1571 701 1780 758 conservetur
1789 715 1867 756 coi·-

233 781 372 844 lioiuinis
384 779 568 851 resolvunt3
583 773 774 839 secundario
784 776 893 836 autem
904 773 1022 837 dicitur
1073 775 1193 853 poralis
1207 779 1325 838 natura
1339 775 1436 836 unius
1454 772 1626 846 individui3
1643 773 1689 836 ita
1705 776 1799 837 etiam
1815 781 1868 835 cst

232 859 267 922 iu
291 861 549 940 quibuscumque
570 853 641 916 aliis
662 851 703 915 ad
726 869 896 914 excessum
919 852 1021 931 perti-
1075 852 1234 930 quoddam
1247 855 1367 914 bouum
1385 851 1543 915 excellens
1557 850 1642 930 qudd
1657 859 1869 916 conservetur

233 939 395 1001 uentibus.
410 935 511 1008 Unde,
526 931 566 995 ud
578 931 682 994 Galat.
695 929 731 1004 t,
744 929 821 992 dicit
830 930 944 992 Glossa
959 929 1019 1010 (iiio
1076 935 1192 994 natura
1206 929 1323 1011 speciei
1334 931 1492 992 humane.
1509 929 1595 990 Sicut
1610 934 1718 992 autem
1730 929 1770 990 ad
1784 948 1866 992 coii-

232 1017 304 1079 terl.
319 1033 360 1080 su
383 1011 484 1077 .illud
500 1031 508 1072 i
524 1009 681 1082 Luxuria,
699 1007 857 1071 idolorum
875 1007 1019 1079 resitue,
1075 1009 1290 1071 servationem
1322 1007 1393 1070 vitia
1412 1008 1510 1070 unius
1533 1008 1869 1071 hominis-ordinatur

231 1091 307 1174 eto.)
322 1110 367 1172 qu
421 1082 613 1152 luxuriueit'
683 1085 981 1167 lidetmperfluitas.
1075 1097 1154 1148 usus
1172 1088 1328 1159 ciliorum,
1352 1089 1395 1147 ita
1413 1087 1509 1148 ctiam
1530 1085 1570 1148 ad
1589 1088 1869 1149 conservationem

272 1171 320 1233 Ad
335 1168 511 1233 secundum
526 1167 618 1229 dicen
641 1183 695 1228 um
732 1163 795 1226 udd
809 1164 923 1240 vinum
936 1163 1023 1226 dici·
1076 1164 1314 1227 totiushumani
1330 1165 1454 1244 generis
1467 1181 1545 1226 usus
1560 1165 1785 1225 venerearum.
1801 1165 1870 1228 liii-

236 1257 287 1312 tur
297 1247 528 1341 reslnxuriora
541 1243 722 1338 selsecund
747 1262 779 1303 m
794 1243 881 1336 huno
892 1242 1023 1304 modum
1075 1244 1115 1304 de
1131 1243 1330 1382 Augustinus
1345 1242 1462 1304 dicitin
1477 1242 1531 1303 lib.
1543 1241 1581 1302 dc
1589 1243 1678 1332 Bono
1689 1242 1867 1323 conjugali,

233 1343 358 1469 titt.
371 1319 1024 1480 ..titutitttttitttailttt
1075 1319 1871 1492 titii,¹latit..intitulantur

232 1478 1024 1636 '³llttttttttlttttttttttiiiiii...
1076 1476 1869 1635 titulidimittitemini?itit

232 1637 382 1718 voluptas
394 1638 429 1699 iii
440 1637 512 1700 aliis
524 1635 666 1698 materiis
677 1635 937 1707 dicatur3taineii
952 1651 1025 1711 spe·
1076 1631 1253 1696 seouudilm
1270 1633 1355 1712 qudd
1369 1633 1519 1712 competit
1534 1632 1629 1694 saluti
1644 1633 1798 1711 corporis,
1820 1637 1868 1696 ita

233 1717 359 1780 cialiter
383 1716 446 1776 lioc
471 1730 587 1776 nomeu
604 1713 665 1776 sibi
691 1713 854 1775 vindicant
877 1727 1025 1774 venereas
1076 1713 1172 1774 eliam
1187 1718 1218 1774 et
1231 1729 1310 1774 usus
1323 1729 1534 1775 renereorum
1548 1714 1730 1789 potestesse
1741 1713 1867 1790 absque
1930 1769 1934 1774 .

231 1794 472 1869 delectationes,
486 1792 521 1853 iii
535 1792 652 1870 quilius
667 1791 764 1852 etiam
782 1789 963 1867 specialiter
977 1788 1026 1850 li·
1077 1793 1226 1868 peccato,
1242 1791 1269 1851 si
1292 1789 1348 1852 liat
1367 1789 1473 1852 debito
1496 1790 1589 1850 modo
1604 1793 1638 1850 et
1659 1789 1789 1861 ordine,
1807 1807 1868 1851 se-

235 1871 447 1944 liidodicitur,
461 1874 498 1932 ut
509 1869 709 1950 Augustinus
720 1868 797 1930 dicit
808 1868 842 1928 iu
856 1865 1022 1931 ttdecii.
1077 1867 1216 1929 cundiim
1240 1868 1327 1946 quod
1352 1870 1402 1931 est
1428 1867 1621 1930 conveniens
1638 1865 1791 1930 adfinem
1807 1887 1869 1950 ge-

233 1950 304 2024 liei,
318 1965 391 2030 cap.
410 1947 460 2024 st,
475 1947 515 2014 ad
528 1945 598 2018 un..
614 1950 646 2008 et
658 1963 696 2008 ca
721 1989 730 2007 .
747 1945 797 2022 16,
811 1945 845 2006 iu
855 1946 958 2024 prino.
1078 1947 1252 2008 uerationis
1267 1947 1426 2008 humanae.

237 2021 638 2092 aimonium-duitor
711 2023 1025 2086 tenacissimorum
1077 2101 1080 2106 Ι
1116 2024 1163 2086 Ad
1183 2025 1322 2104 primum
1343 2040 1420 2103 ergo
1446 2023 1611 2085 dicendum
1628 2022 1714 2100 qudd
1742 2022 1866 2102 aliquid

268 2105 373 2245 tt'i‘
387 2103 727 2264 t”⁰'³”⁰⁹‘⁶⁶“‘⁰··
740 2101 959 2184 ‘mim‘
972 2100 1023 2176 ¹⁵’
1077 2103 1349 2244 ultumi.
1361 2101 1708 2242 ultitimum
1716 2119 1868 2243 21³ng

273 2201 337 2246 or.
375 2229 382 2242 .
1579 2199 1602 2240 s
1747 2199 1755 2240 i
1838 2200 1867 2253 s,

274 2261 323 2324 Ad
346 2260 525 2324 secundum
550 2257 597 2322 stc
619 2257 816 2338 proceditur.
841 2256 871 2319 1.
893 2256 1026 2320 Videtur
1077 2261 1110 2320 ct
1128 2198 1175 2322 Alie
1195 2275 1262 2319 iioii
1283 2258 1325 2319 lm
1351 2255 1650 2320 edituriirtus'uisi
1711 2275 1868 2336 rpecca-

234 2339 319 2421 quod
337 2340 445 2402 nullos
459 2341 550 2401 actus
568 2353 724 2399 venereus
744 2335 848 2430 possit
867 2352 939 2398 esse
955 2337 1025 2398 sine
1077 2341 1162 2411 tum;
1179 2337 1244 2400 alio
1263 2275 1357 2398 modo
1373 2334 1531 2414 quanti'im
1548 2335 1627 2414 adp
1672 2339 1781 2426 ’ectum
1794 2337 1870 2398 rir-

235 2421 377 2498 peccato.
397 2417 483 2480 iiiiii
496 2415 583 2478 enim
601 2413 728 2478 videtur
746 2413 903 2493 impedire
921 2415 1027 2476 virtu-
1077 2415 1154 2478 tutis
1168 2418 1299 2486 statum,
1315 2415 1405 2478 etsie
1419 2417 1523 2494 potest
1536 2413 1680 2492 impediri
1694 2413 1793 2476 virtus
1807 2433 1870 2493 per

234 2501 298 2559 tem
309 2495 371 2557 nisi
385 2498 562 2588 peecatum.
578 2491 752 2554 Sodomitis
767 2497 857 2554 actus
868 2508 1025 2554 venereus
1076 2491 1198 2571 aliquid
1214 2491 1300 2571 quod
1315 2508 1381 2554 noii
1396 2498 1444 2555 est
1459 2496 1636 2572 peccatum,
1659 2491 1714 2554 sed
1736 2497 1785 2554 est
1798 2493 1868 2553 mi„

235 2571 375 2637 maxime
390 2591 434 2634 im
458 2572 523 2635 edit
536 2571 689 2634 virtutem
700 2589 708 2630 ε
721 2569 894 2632 dic'neuim
907 2572 1026 2650 Augu-
1078 2589 1139 2632 nus
1156 2574 1286 2633 bouum.
1302 2570 1341 2634 llt
1353 2572 1415 2633 lioo
1427 2571 1520 2632 modo
1536 2587 1615 2632 usus
1630 2569 1768 2633 romine
1780 2571 1870 2650 deji-

235 2591 909 2728 stinosintffoliloquiorammaptnaute
922 2648 1023 2709 med:
1078 2649 1121 2711 cit
1143 2649 1287 2711 animum
1311 2665 1376 2711 uon
1396 2647 1417 2713 d
1441 2649 1573 2720 virtute,
1596 2648 1704 2710 sedati
1725 2664 1809 2722 arce,
1836 2649 1868 2710 id

237 2729 328 2794 Nihil
346 2747 408 2791 eise
421 2725 618 2808 rentiopuod
637 2744 689 2788 ino
711 2726 792 2788 isse
807 2743 882 2788 orec
897 2725 1026 2806 dejiciet
1078 2731 1144 2798 est,
1176 2725 1370 2805 portentione
1388 2727 1526 2789 virtutis.
1553 2725 1643 2788 llnde
1664 2726 1867 2807 Augustinus

235 2808 373 2872 ommuni
404 2806 526 2872 uirilen
548 2804 641 2886 pedm
665 2743 886 2874 tAieuimsua,
901 2805 1027 2866 omineo
1077 2805 1195 2896 dicitin
1208 2804 1263 2865 lib.
1271 2805 1311 2880 do
1322 2806 1411 2868 Bono
1420 2805 1676 2894 cou’ugali,cap5
1686 2803 1717 2876 8,
1732 2803 1867 2867 amca:

237 2903 461 2966 corponimpus
475 2882 529 2948 ille
541 2890 715 2945 contuetur.
732 2882 818 2962 Ergo
833 2899 880 2946 nii
893 2883 943 2943 liis
965 2899 1026 2946 ec-
1077 2883 1168 2944 Sicut
1179 2881 1291 2973 donum
1303 2889 1368 2944 erut
1381 2881 1464 2974 quod
1480 2823 1609 2945 Atorthu
1621 2881 1754 2964 {arietet
1770 2899 1868 2944 oceu—

235 2967 297 3103 tus²
306 2980 461 3025 venereus
477 2961 602 3101 νίᾱῧξητ
617 2977 689 3022 esse
700 2959 771 3022 siue
784 2965 925 3038 peccato.
1073 2969 1152 3041 puto
1166 2979 1250 3023 circu
1263 2961 1469 3023 ministerium
1480 2969 1678 3030 sanctorum:
1692 2960 1744 3022 sed
1757 2961 1868 3022 melius

298 3085 307 3103 .
606 3054 637 3098 iu

236 3042 671 3260 3ῑρἷὲἶῖνέΞὲἓρ
687 3116 1027 3256 diluiuum·
1074 3118 1310 3179 ⁸
1319 3116 1868 3258 ‘caecutientium

234 3242 334 3357 pitur’
377 3272 614 3361 rsuperlluuni
625 3210 875 3345 inluminatum,
894 3272 1028 3334 utdici-
1077 3292 1125 3333 mu
1154 3274 1161 3287 '
1195 3274 1308 3336 Morio
1324 3274 1375 3337 nir
1401 3274 1459 3335 'iiis
1475 3241 1701 3353 anteponimus:

237 3360 292 3418 tur
301 3293 456 3427 affinio,
468 3368 540 3431 cap.
552 3350 574 3413 A
584 3350 660 3445 etti.
673 3348 733 3412 Sed
747 3349 782 3411 in
796 3350 941 3445 quoliltet
951 3356 1026 3413 actu
1101 3291 1353 3445 'fflieeunaom
1367 3292 1534 3415 Aeantium
1548 3351 1646 3431 quod,
1667 3352 1750 3414 sicut
1768 3368 1869 3491 safra

236 3448 376 3496 venereo
397 3436 447 3495 est
478 3447 518 3494 su
560 3426 682 3492 rtluitas
698 3428 932 3502 delectationis,
953 3446 1027 3507 qum
1078 3428 1267 3505 dictumest,
1280 3434 1393 3509 quest.
1410 3448 1519 3511 pree,
1537 3435 1597 3493 art.
1611 3430 1643 3503 a,
1659 3431 1698 3493 ad
1712 3430 1743 3505 a,
1757 3434 1789 3492 et
1820 3432 1868 3504 -2,

235 3511 271 3573 iii
286 3514 411 3573 tantum
422 3448 573 3589 aoncilii
584 3507 754 3583 rationem,
768 3506 854 3587 quiid
874 3506 917 3568 im
962 3508 1029 3569 ssi·
1078 3511 1192 3585 quest.
1217 3506 1269 3582 dli,
1290 3514 1351 3570 art.
1369 3508 1401 3585 2,
1423 3508 1562 3571 medinm
1581 3509 1708 3571 virtutis
1727 3526 1793 3570 nou
1816 3516 1871 3571 at-

235 3589 301 3655 tite
312 3592 361 3651 est
374 3586 496 3683 aliquid
504 3586 689 3665 intelligere
707 3586 741 3647 io
762 3585 772 3645 i
796 3584 845 3659 st,
859 3589 897 3647 ut
913 3524 1028 3647 ffiilo-
1080 3586 1220 3648 tenditur
1233 3586 1409 3649 securium
1429 3586 1654 3666 quantitatem,
1670 3586 1726 3649 sed
1744 3604 1870 3649 secuu-

237 3669 359 3747 sophus
373 3664 531 3729 dicitint
544 3664 661 3737 mute,
677 3680 748 3726 ca.
794 3664 823 3732 t,
838 3659 859 3726 a
872 3662 973 3737 med„
995 3667 1028 3725 ct
1079 3662 1153 3727 iam
1175 3662 1262 3743 qnod
1283 3664 1432 3728 convenit
1457 3665 1575 3728 rationi
1595 3670 1706 3739 moini
1738 3669 1770 3726 st
1793 3665 1870 3727 ideo

239 3746 323 3808 sicut
334 3744 548 3823 Hieronymus
559 3742 646 3813 dicit,
656 3741 749 3819 epist.
763 3740 1025 3821 tladAgerucli.‚
1079 3741 1276 3806 abundantia
1292 3742 1521 3817 delectationis,
1537 3760 1610 3821 que
1621 3748 1669 3805 est
1682 3744 1715 3805 iii
1726 3746 1799 3805 actu
1813 3760 1870 3805 ve-

238 3825 277 3885 ile
288 3824 483 3901 llonegam„
497 3814 733 3899 parilmdmed.
756 3823 793 3879 et
805 3818 942 3881 liabetur
954 3836 1025 3897 cap.
1081 3818 1359 3883 nereosecuudum
1371 3820 1696 3895 rationemordiuato,
1707 3837 1773 3883 non
1786 3837 1870 3883 ooo-

237 3898 414 3967 Consulto,
429 3896 481 3966 ΒΞ,
496 3900 609 3975 quest.
623 3894 678 3975 t),
693 3895 747 3956 ini
760 3897 793 3956 lo
806 3900 881 3959 actu
894 3896 1027 3975 spiritus
1080 3899 1234 3961 tradatur
1247 3898 1350 3961 medio
1363 3900 1501 3961 virtutis.
1521 3900 1561 3961 Et
1573 3904 1727 3979 preterea
1744 3898 1784 3962 ad
1796 3901 1870 3960 vii-

263 3976 417 4061 ropliellsr
429 3993 495 4040 noa
510 3974 662 4054 turgebat
674 3974 1025 4053 cordaprophetarum.
1081 3980 1179 4038 tutam
1193 3995 1258 4039 nou
1269 3977 1417 4056 pertinet,
1428 3976 1585 4056 quantum
1598 3994 1712 4040 sensus
1726 3977 1869 4041 exterior

237 3997 325 4135 Ergo
335 4053 548 4139 nullusactus
564 4069 720 4141 venereus
736 4056 844 4132 potest
866 4069 937 4114 esse
956 4053 1029 4115 sino
1080 4054 1264 4130 delectetur,
1279 4056 1363 4133 quod
1377 4056 1586 4135 consequitur
1599 4057 1743 4135 corpoii's
1756 4055 1869 4133 dispo-

238 4138 402 4215 peccato„
820 4169 824 4173 -
1069 4132 1240 4213 sitionem,
1263 4132 1317 4195 scd
1332 4130 1524 4212 quantiima
1588 4134 1664 4195 titus
1682 4134 1814 4198 interior
1827 4133 1866 4194 ad

280 4210 312 4273 3.
333 4209 506 4295 Pretere'a,
524 4225 625 4273 eausa
645 4208 752 4288 potior
773 4210 822 4271 est
834 4206 934 4287 quain
952 4209 1024 4273 etic-
1079 4210 1520 4291 hujusmodidelectationesa
1555 4213 1669 4275 ciatiir.
1683 4212 1868 4275 Necexiioe

237 4294 322 4354 ctus.
335 4288 397 4353 Sed
407 4291 574 4369 peccatum
587 4286 744 4368 originale
757 4286 792 4348 iii
802 4287 949 4366 parvulis
959 4292 1024 4351 tra·
1067 4290 1176 4373 jetiam
1198 4288 1283 4366 quod
1303 4288 1387 4351 ratio
1403 4306 1468 4351 nou
1482 4294 1588 4369 petest
1607 4291 1746 4353 libenini
1759 4293 1867 4351 aetum

239 4363 639 4447 uitiiitcouciiptseeiuit,
653 4366 723 4428 siue
738 4363 806 4443 qut
821 4371 913 4428 actus
929 4384 1028 4429 vene·-
1067 4366 1213 4447 ‘rationis
1242 4366 1282 4429 ad
1311 4368 1491 4446 spiritualia
1516 4368 1745 4431 consideranda
1771 4367 1869 4429 simet

240 4464 317 4510 reus
324 4464 396 4509 esse
407 4462 474 4507 ooii
487 4446 602 4524 potest,
611 4445 739 4523 utpotet
745 4460 804 4522 per
812 4444 1027 4524 Angustiuum
1080 4461 1153 4507 cuni
1167 4442 1222 4508 tua
1234 4444 1440 4507 delectatione
1453 4446 1583 4521 habere,
1594 4446 1774 4508 ostenditur
1781 4444 1868 4523 qiidrl

242 4524 370 4587 inlini
385 4522 555 4601 delluptiis
567 4520 883 4600 etGoueupiseentiA,
897 4521 1015 4603 capti
1081 4527 1171 4585 uetus
1185 4522 1239 4586 ille
1251 4525 1293 4585 sit
1308 4523 1417 4586 virtuti
1431 4526 1623 4587 contrarius.
1637 4525 1708 4586 Non
1720 4524 1805 4586 enim
1820 4530 1870 4585 ert

240 4602 327 4683 Ergo
346 4601 457 4664 iiullus
472 4604 563 4664 actus
580 4616 735 4663 venerem
751 4603 858 4679 potest
872 4618 943 4664 esse
958 4601 1029 4666 siue
1068 4600 1190 4662 'virtuti
1203 4600 1412 4676 contrarium,
1429 4602 1601 4665 strationis
1614 4603 1871 4679 actusaliquan-

243 4686 387 4759 peccato.
1068 4678 1123 4741 'do
1138 4680 1366 4743 intermittatur
1385 4697 1444 4759 pro
1459 4681 1569 4759 aliquo
1607 4680 1670 4745 nod
1690 4676 1868 4743 iecuuoim

282 4756 342 4818 Sed
364 4759 478 4820 eontra
499 4758 548 4819 est
566 4752 653 4835 qnod
678 4756 877 4835 Augustinus
896 4755 974 4821 dicit
994 4756 1027 4819 ia
1063 4758 1238 4839 ‘rationem
1254 4758 1463 4837 ditalioquiu
1478 4760 1595 4838 quoda
1610 4760 1692 4837 'quis
1709 4764 1871 4821 sesomiio

245 4831 355 4925 '¹7³2‘ss
368 4834 458 4895 Bono
472 4832 568 4913 conju
589 4833 645 4902 ali,
655 4850 728 4924 cap.
740 4832 791 4905 to.
806 4834 883 4897 circ.
898 4834 1000 4913 princ.
1021 4874 1025 4884 ·
1081 4835 1188 4907 tradit,
1199 4837 1571 4899 essetcontrarirtutem.
1584 4838 1653 4899 lloc
1660 4842 1768 4899 tammi
1780 4834 1870 4913 quod

244 4910 514 4993 Soturuposiios
523 4920 568 4973 eet
642 4911 740 4979 eune,
754 4913 783 4973 ii
792 4912 1028 4990 tomencopimit
1082 4914 1339 4992 coucupiscentia
1352 4918 1384 4977 et
1395 4914 1561 4978 delectatio
1576 4930 1788 4978 venereorun
1799 4928 1871 4974 aon

241 4998 552 5133 mmmmm
561 4987 1030 5128 ffl'dtpmxmtrsnmmm
1082 4991 1624 5134 ”Ubl{'⁰⁰¹5ml'⁹afi⁰.⁰tl¹¹⁰d²'⁸t¹.i⁰!'i
1639 4993 1872 5131 cetimum·

242 5160 296 5213 tro
303 5084 722 5228 progepti'tsilwebteloouitlir
737 5144 777 5206 de
796 5084 1030 5210 acimum
1062 5142 1066 5149 ’
1083 5087 1157 5209 ἧεοὲἷ
1174 5086 1625 5213 gullioeipebglliglllgffigruli'l
1638 5085 1875 5210 (ililallicreuslusaci'ii

661 3055 702 3099 ue
724 3037 889 3100 invenitur
904 3036 1026 3117 aliquid
1077 3038 1277 3119 quodltorio
1288 3037 1417 3101 audieus
1430 3037 1554 3103 sudum
1565 3039 1797 3102 Deist'tuetiom
1809 3037 1869 3103 do-

241 5243 308 5306 qno
321 5222 571 5383 audalaum
585 5220 732 5301 pluribus
746 5222 935 5302 conjugibus
951 5228 1030 5287 iite-
1082 5240 1211 5288 earnem
1223 5228 1385 5301 rebellem,
1395 5231 1525 5307 utputet
1534 5243 1593 5307 per
1604 5228 1818 5307 Augustinum
1832 5224 1875 5284 iu

243 5306 371 5367 liaiitnr.
461 5316 562 5365 ›noii
578 5299 788 5363 omnisonae
803 5318 959 5365 venereus
980 5307 1031 5365 est
1082 5302 1121 5366 de
1135 5302 1351 5378 civitatesve,
1365 5322 1436 5384 cap.
1453 5305 1502 5367 13.
1769 5356 1773 5363 .

241 5387 418 5460 peccatum.
1122 5381 1168 5442 Ad
1185 5382 1315 5443 tertium
1331 5380 1498 5445 dicendum
1511 5380 1608 5477 qudd,
1624 5380 1876 5460 sicutAngusti-

281 5456 470 5541 despondeo
499 5455 668 5519 dicendm
684 5456 775 5536 ,quod
801 5461 967 5537 peccatum
994 5460 1029 5521 iii
1083 5476 1143 5522 iius
1158 5459 1274 5523 ibidem
1284 5459 1370 5535 dicit,
1385 5460 1446 5523 loc.
1461 5461 1514 5524 cit.
1526 5478 1560 5523 iii
1572 5476 1654 5539 aig,
1669 5478 1708 5523 eu
1721 5460 1877 5537 concupi·

241 5536 392 5600 liumanis
401 5535 527 5599 actibus
537 5533 687 5612 estquod
698 5540 747 5598 est
758 5541 871 5599 contra
884 5536 1028 5599 ordinem
1082 5536 1199 5600 scentia
1211 5539 1326 5606 cernis,
1341 5556 1408 5617 pue
1419 5538 1608 5618 regeneratis
1620 5558 1684 5601 non
1696 5538 1876 5617 importetur

241 5612 388 5678 rationis.
406 5612 511 5675 liutet
532 5616 641 5678 autem
664 5612 727 5675 lioc
748 5614 884 5677 rationis
897 5614 976 5676 ordo
992 5619 1030 5677 nt
1080 5617 1118 5677 iii
1135 5624 1302 5696 peccatum,
1324 5624 1355 5677 to
1439 5634 1469 5677 in
1484 5634 1524 5677 er
1549 5616 1615 5697 tilio
1629 5616 1753 5697 peceati
1806 5614 1874 5674 olis

240 5688 754 5767 qualibetconreuicnterordinet
763 5692 796 5754 in
810 5709 905 5755 suum
918 5692 1023 5754 duom.
1084 5695 1235 5765 nuscitur,
1247 5694 1372 5774 origine
1386 5694 1544 5777 iodlipoto
1553 5703 1695 5777 peccato.
1707 5694 1754 5759 liii
1777 5710 1877 5757 enon

1179 5870 1184 5883 A
