4067 6175
195 232 223 297 μ
631 232 761 293 sbltltai
780 234 1008 295 tttuotbcltul
1026 237 1183 297 SECUNDA
1203 242 1382 303 SECUh'liAE·
1760 302 1763 307 -
1789 267 1822 350 i}

232 346 262 405 3.
292 346 466 423 Praeterea,
480 346 725 428 lidescbaritati
744 347 977 422 condiriditur,
1033 349 1131 413 Deum
1141 353 1227 415 omni
1249 363 1389 419 otmtem.
1400 359 1486 443 Ergo
1497 362 1657 445 objectum
1669 368 1740 433 fidei
1754 391 1796 435 no

185 432 228 485 ut
242 424 474 517 supradictum
489 426 774 518 θεῖά-λιμμα.
790 423 928 498 θωπί.
945 424 976 487 3.
1033 372 1454 506 estendntiadile'medres.
1798 393 1820 437 n

189 502 249 565 Sed
264 504 418 565 dilaniato
431 518 496 594 nen
508 503 614 565 soldm
625 504 785 584 diligimus
793 504 908 575 Deum,
919 504 977 583 qui
1068 507 1100 567 3.
1120 510 1288 584 Praeterea,
1300 512 1371 578 fidei
1382 518 1523 581 succedit
1533 522 1615 585 risio
1630 528 1819 593 =secundnm

190 586 369 643 estsumnra
381 582 856 661 bonrtas‚sedetiamdiligimus
867 584 976 660 proxi·
1031 584 1109 646 illud
1125 588 1139 645 i
1154 588 1193 648 ad
1206 588 1350 652 Corinth.
1367 595 1416 666 13,
1433 596 1489 657 12:
1508 566 1649 663 Vidnnds
1664 622 1750 667 nuno
1759 625 1820 685 per

190 676 287 719 mum.
300 659 386 739 Ergo
396 659 468 721 tidei
485 660 645 741 objectum
653 678 725 721 non
738 666 789 723 est
800 657 905 723 soldm
918 678 977 725 ro-
1026 666 1185 743 proaem
1196 668 1232 728 iss
1239 670 1409 749 ωπίφιιαιο,
1427 681 1502 737 tune
1515 688 1617 740 oman
1629 682 1709 761 socie
1718 685 1758 746 ad
1768 688 1818 766 sn-

226 815 247 875 S
298 818 409 877 contra
424 822 472 877 ost
485 816 570 895 qnod
584 816 756 898 Dionysius
768 817 971 887 dieit‚‘lea.
1026 823 1317 896 percensentes
1333 831 1477 906 cognitus
1490 835 1739 899 sunsedrisio
1776 860 1816 904 a-

186 891 225 953 de
241 893 305 956 dir.
324 892 472 985 Nomio,
493 903 568 957 ante
582 894 638 956 tin.
656 896 729 957 leet.
747 894 783 968 5,
798 896 884 974 qudd
898 900 921 977 {l
943 916 973 957 es
1024 898 1150 960 triaeest
1165 899 1204 963 de
1218 901 1433 981 incomplexo.
1444 908 1516 969 edm
1528 912 1569 971 sit
1582 913 1683 992 ipsius
1698 917 1815 984 divino

185 979 229 1033 est
242 972 328 1035 sirco
343 972 511 1051 simplicem
524 982 552 1035 rt
565 992 682 1055 semper
694 974 874 1035 resistentem
892 976 973 1037 oeri-
1024 979 1184 1041 essentia.
1201 979 1287 1061 Ergo
1301 984 1398 1045 ctiam
1411 985 1488 1048 tides
1502 990 1573 1051 viss.

185 1058 288 1143 toton.
313 1050 388 1111 lieo
404 1056 512 1144 autem
533 1059 581 1114 est
603 1054 719 1115 veritas
742 1052 858 1131 prima.
885 1052 970 1133 Ergo
1062 1054 1123 1117 Sed
1139 1062 1263 1130 contra,
1278 1060 1355 1123 tides
1368 1068 1417 1125 est
1430 1065 1535 1128 media
1546 1067 1631 1130 inter
1645 1070 1813 1138 scientiam

183 1130 343 1191 obertum
359 1128 431 1191 fider
447 1134 496 1191 est
509 1130 626 1193 veritos
642 1130 756 1210 prima.
1022 1135 1054 1192 et
1066 1133 1261 1213 opinionem.
1273 1139 1412 1201 Medium
1422 1150 1570 1206 autemet
1581 1153 1812 1215 extremasunt

222 1148 410 1301 despondeo
432 1207 601 1301 dicendum
618 1208 703 1287 qudd
723 1207 893 1345 cuiuslibet
913 1226 971 1303 ςι-
1022 1209 1163 1305 ejusdem
1178 1217 1316 1293 generis.
1330 1216 1409 1279 cum
1423 1238 1501 1301 ergo
1511 1222 1642 1286 scientia
1655 1234 1687 1288 et
1699 1230 1810 1307 opinio

175 1284 970 1443 'ttithh'hitllillatisiliniitstll
1021 1294 1673 1439 hliliih¹¹il¹¹³¹³⁵¹⁵³‘l⁵li-¹¹‘.‘¹¹¹⁶f¹
1691 1307 1810 1400 Μ·

181 1442 265 1505 sicut
277 1443 443 1536 materiale
456 1444 615 1524 objectum
625 1384 681 1517 ;get
693 1442 724 1505 id
738 1460 796 1537 per
806 1407 893 1537 ¹quod
908 1463 969 1506 co-
1020 1450 1105 1505 ctum
1118 1446 1202 1523 fidei,
1218 1392 1290 1512 eud
1299 1390 1442 1517 ddlecdrldd
1454 1385 1810 1536 teanfflgtfigeaegtngff

179 1528 361 1599 gnoscrtur,
377 1521 463 1599 quod
487 1526 536 1583 est
557 1522 699 1583 formalis
724 1526 807 1583 ratio
831 1522 965 1602 objecti3
1018 1524 1096 1602 quid
1111 1528 1325 1605 complexum.

179 1598 261 1661 sieut
278 1601 311 1661 in
324 1600 459 1664 scientid
473 1600 654 1679 geometrico
665 1600 873 1663 materialiter
887 1602 967 1665 scita
1065 1604 1253 1683 Respondeo
1275 1608 1443 1671 dicendum
1464 1612 1549 1690 qudd
1574 1617 1704 1681 comita
1727 1625 1804 1682 sunt

178 1682 254 1739 sunt
268 1678 508 1752 conclusiones;
524 1678 666 1741 iormalis
676 1676 753 1740 rerd
767 1680 850 1741 ratio
864 1680 966 1743 scien·
1018 1680 1052 1739 in
1085 1690 1297 1762 cognoscente
1324 1686 1499 1751 secundum
1530 1663 1658 1755 moddm
1686 1714 1724 1758 eo
1748 1716 1805 1760 no·

176 1754 208 1815 di
226 1760 302 1849 snnt
314 1756 418 1819 media
430 1755 725 1832 demonstrationis,
738 1774 796 1837 per
807 1773 880 1837 quas
890 1776 966 1820 con·
1018 1760 1147 1821 scentis.
1169 1762 1226 1823 list
1241 1767 1346 1826 autern
1366 1767 1477 1831 modus
1500 1788 1559 1847 pro
1583 1772 1649 1835 rius
1671 1716 1804 1839 huldeni

174 1833 337 1897 clusiones
351 1840 600 1927 cognoscuntur.
1017 1834 1197 1901 intellectds
1220 1844 1257 1901 ut
1270 1846 1490 1923 componendo
1510 1855 1543 1909 et
1559 1791 1727 1914 dividendo
1742 1872 1805 1915 ve-

215 1912 266 1975 Sic
280 1912 378 1992 igitur
393 1914 494 1975 rnirde
509 1914 535 1976 si
547 1914 785 1977 consideremus
798 1912 964 1977 formalem
1014 1914 1141 1977 ritatem
1165 1926 1357 1999 cognoscat,
1380 1922 1463 1984 sieut
1488 1926 1520 1987 in
1545 1927 1561 1988 1
1585 1929 1704 1991 dictum
1732 1938 1781 1994 est
1812 1948 1815 1955 ·

175 1992 333 2054 rationem
347 1992 473 2073 objecti,
484 1992 564 2056 nibil
578 1998 627 2057 est
638 1994 723 2056 aliud
735 2004 833 2071 quarn
846 1994 963 2057 veritas
1015 2001 1126 2071 quast.
1139 1994 1194 2069 85,
1211 2002 1271 2059 art.
1288 1998 1318 2059 5.
1334 2000 1373 2060 Et
1389 2002 1459 2063 idei)
1474 2021 1511 2065 ea
1531 2024 1603 2084 qnae
1626 1978 1803 2073 secunddnd

174 2070 289 2147 prima.
305 2070 374 2132 Non
391 2072 476 2133 enirn
494 2070 570 2133 lidos
586 2072 624 2134 de
639 2070 704 2151 qud
717 2072 891 2149 loquimur,
906 2088 963 2135 as·
1014 2089 1050 2132 se
1069 2073 1225 2153 simplicia
1246 2082 1342 2151 sunt,
1366 2080 1545 2145 intellectus
1565 2085 1726 2149 humanus
1745 2107 1805 2152 co-

175 2149 272 2209 sentit
293 2148 411 2223 alicui‚
439 2150 499 2211 nisi
530 2149 608 2228 quia
633 2147 721 2212 esta
744 2150 810 2210 Deo
831 2152 962 2213 revela·
1014 2151 1138 2229 gnoscit
1151 2151 1326 2215 seeunddm
1341 2159 1512 2233 quamdam
1526 2165 1798 2242 complexionem·

166 2228 253 2291 tum.
269 2226 357 2289 Unde
374 2228 434 2308 ipsi
447 2228 574 2291 veritati
589 2228 704 2291 dirinae
718 2226 794 2289 lidos
812 2226 963 2290 innititur
1013 2228 1096 2291 sieut
1115 2228 1303 2294 econverso
1323 2234 1503 2299 intellectus
1525 2240 1651 2303 divinus
1671 2213 1801 2305 iucem-⁹

173 2302 329 2399 tanquam
342 2307 456 2368 medio.
473 2306 504 2369 Si
518 2307 595 2369 verd
608 2305 847 2369 consideremus
861 2312 961 2370 mate·
1013 2307 1108 2384 plexd
1133 2313 1298 2389 cognoscit
1319 2330 1358 2376 ca
1379 2332 1452 2393 qum
1471 2322 1548 2377 sunt
1568 2318 1744 2383 secunddm
1765 2342 1802 2384 so

161 2382 346 2445 statueres
365 2386 484 2462 quibus
505 2384 582 2447 tides
603 2384 757 2458 assentit,
773 2400 839 2443 nou
854 2384 960 2447 soldm
1012 2387 1191 2463 complexa.

170 2466 219 2521 est
235 2462 303 2541 ipse
316 2461 414 2535 Deus,
430 2462 596 2525 sedetiam
614 2462 714 2523 multa
731 2462 806 2535 alia,
821 2478 893 2539 que
904 2467 960 2525 ta-
1051 2462 1101 2524 Sic
1114 2482 1191 2543 ergo
1203 2465 1363 2545 obiectum
1377 2469 1450 2531 ddei
1466 2472 1637 2552 dupliciter
1650 2477 1799 2540 conside-

172 2557 245 2601 nzen
259 2542 320 2602 sub
333 2538 554 2605 assensutidei
573 2556 638 2601 non
658 2540 796 2613 cadunt,
817 2540 878 2600 nisi
900 2558 960 2602 se-
1009 2540 1077 2601 rari
1102 2547 1229 2616 potest:
1244 2560 1312 2606 uno
1334 2546 1429 2608 modo
1452 2567 1494 2610 ex
1519 2557 1610 2623 parte
1633 2554 1643 2612 i
1668 2556 1735 2616 sius
1751 2556 1799 2617 rei

172 2616 310 2679 :rinddm
338 2618 423 2696 qudd
445 2619 565 2683 habeut
590 2618 731 2697 aliquem
752 2616 895 2679 ordinem
917 2618 957 2679 ad
1013 2618 1162 2694 creditae3
1179 2628 1211 2683 et
1230 2621 1276 2684 sio
1293 2622 1454 2703 objectum
1473 2626 1547 2691 tidei
1563 2634 1611 2691 est
1624 2572 1747 2709 adquiri
1765 2634 1799 2699 in

171 2696 290 2770 Deum,
328 2702 403 2759 rout
419 2698 540 2759 seilicet
556 2715 615 2777 por
633 2696 760 2774 aliquos
773 2696 956 2759 Divinitatis
1012 2697 1228 2775 complexum,
1256 2700 1381 2765 seilicet
1404 2720 1456 2766 res
1477 2703 1547 2787 ipso
1561 2706 1602 2769 de
1627 2724 1692 2788 qua
1719 2711 1800 2776 tides

169 2715 589 2857 ellectusdromoadjuratur
602 2774 845 2842 adtendendum
862 2773 895 2835 in
910 2774 957 2835 di·
1010 2770 1157 2837 hebetur.
1175 2776 1248 2841 Alio
1270 2780 1365 2843 modo
1390 2799 1429 2844 ex
1466 2791 1532 2848 erte
1550 2785 1736 2863 eredentis3
1767 2800 1799 2854 et

169 2853 490 2948 vinantmirienem.
750 2930 757 2945 Ι
945 2931 954 2948 .
1009 2800 1799 2946 secundumhoeobjeerumdueiesrsliquidcom·

207 2932 246 2995 Et
262 2930 333 2994 rdeb
346 2938 442 3023 otram
459 2950 500 2995 ex
514 2931 575 2995 hdo
596 2936 687 3011 parto
705 2930 865 3025 objectum
882 2928 953 2993 tides
1008 2929 1144 3023 plexum
1160 2949 1218 3011 per
1229 2939 1360 3001 modum
1374 2941 1593 3007 enuntiabilis.

168 3014 217 3071 est
230 3010 465 3150 gundammodd
477 3012 594 3073 veritas
607 3010 726 3090 prima,
745 3026 778 3071 ιιι
798 3014 956 3087 quantum
1045 3009 1086 3070 Et
1098 3008 1168 3072 rded
1182 3014 1356 3090 utrumque
1374 3016 1448 3075 rere
1460 3016 1627 3094 opinatum
1638 3017 1796 3098 initapud

171 3091 237 3152 nilii
267 3091 349 3154 cadit
363 3093 422 3152 sub
440 3091 500 3152 ilde
514 3089 576 3152 uisi
600 3089 633 3150 in
649 3089 762 3151 ordine
774 3089 814 3151 ad
830 3089 953 3166 Beuum
1007 3086 1170 3167 antiquos,
1185 3089 1401 3152 ctseounddm
1422 3093 1542 3172 aliquid
1563 3099 1737 3176 utrumque
1748 3103 1799 3159 est

167 3168 251 3232 sicut
269 3169 365 3232 etiam
380 3169 539 3231 oh‘eetum
562 3167 727 3232 medicine
746 3174 795 3229 est
809 3167 953 3240 sanitas,
1007 3183 1132 3230 rerum.

166 3189 512 3390 ggiigaffiffiffiedieina
526 3246 707 3310 considerat
716 3245 777 3308 nisi
795 3246 830 3308 in
841 3247 953 3310 ordine
1028 3244 1514 3387 rgglegirlirggrngbegggodffiendum
1532 3249 1720 3391 ιιιιιῗᾶιαςίο
1737 3252 1796 3392 ἰΙΙέἱ

206 3403 254 3468 dd
276 3406 416 3486 primum
436 3421 513 3487 ergo
538 3403 706 3468 dicendum
726 3401 810 3483 quod
826 3419 864 3466 ea
881 3419 954 3482 qua
1005 3339 1142 3464 dreditae.
1259 3342 1311 3404 lc
1402 3345 1431 3388 ω
1453 3343 1568 3406 “par
1625 3347 1766 3408 mnu„

167 3485 329 3562 pertinent
342 3483 382 3546 ad
399 3484 628 3547 humanitatem
644 3480 782 3556 Christi,
796 3485 827 3543 et
841 3482 881 3543 ad
897 3497 954 3545 sa·
1045 3479 1091 3540 hd
1113 3480 1288 3542 secundum
1308 3480 1476 3544 dicendum
1494 3483 1580 3561 qudd
1601 3484 1634 3545 in
1647 3486 1796 3564 symbolo

167 3567 330 3626 eramenta
344 3557 506 3634 Ecclesiae.
519 3564 571 3624 vel
583 3560 622 3623 ad
633 3577 854 3640 quascumque
865 3577 953 3623 crea·
1004 3561 1183 3638 tanguntur
1196 3575 1236 3621 ea
1248 3559 1287 3619 de
1300 3561 1419 3639 quibus
1429 3567 1477 3623 est
1491 3561 1580 3635 tides,
1591 3563 1624 3623 in
1635 3570 1793 3640 quantum

167 3641 269 3714 toras,
285 3641 403 3704 cadunt
416 3644 477 3702 sub
494 3639 575 3710 lide,
590 3640 623 3700 in
641 3642 798 3718 quantum
817 3657 874 3717 per
887 3640 953 3702 brec
1005 3635 1096 3699 adea
1109 3639 1302 3699 terminatur
1314 3643 1404 3700 actus
1419 3639 1588 3712 credentis,
1606 3643 1643 3700 ut
1663 3657 1705 3701 ex
1722 3642 1793 3720 ipso

166 3719 354 3782 ordinamur
368 3719 407 3782 ad
420 3719 533 3790 Deum,
545 3725 576 3778 et
590 3717 635 3778 cis
649 3718 744 3778 etiam
757 3718 951 3780 assentimus
1004 3715 1099 3776 modo
1112 3715 1265 3794 loquendi
1276 3722 1420 3795 apparet.
1435 3719 1532 3780 hctus
1544 3723 1653 3781 autem
1663 3718 1796 3781 creden·

167 3813 227 3873 pro
248 3801 299 3858 ter
310 3795 451 3858 divinam
465 3795 643 3857 veritatem.
1005 3793 1045 3854 tis
1056 3810 1122 3854 non
1130 3794 1367 3856 terminaturad
1376 3796 1585 3869 enuntiabile,
1595 3796 1650 3858 sed
1661 3797 1700 3858 ad
1712 3815 1792 3859 rem.

242 3880 254 3936 t
276 3873 422 3936 similitor
447 3873 615 3936 dicendum
636 3874 685 3934 cst
710 3872 751 3934 ad
776 3871 953 3934 secuudum
1004 3871 1073 3931 Non
1088 3872 1173 3932 enim
1186 3870 1360 3934 formamus
1375 3875 1599 3947 enuntiabilia,
1618 3875 1679 3934 uisi
1690 3879 1726 3935 ut
1735 3891 1794 3952 per

166 3953 205 4014 de
219 3954 368 4016 erunibus
381 3952 445 4016 illis
462 3969 535 4032 quoe
554 3953 587 4014 in
602 3948 696 4014 saord
710 3949 876 4030 Scriptura
889 3955 953 4014 tra·
1004 3965 1043 4010 ea
1055 3949 1092 4009 de
1107 3950 1201 4010 robus
1217 3950 1431 4029 cognitionem
1446 3952 1634 4026 habeamus,
1655 3952 1739 4010 sieut
1757 3951 1792 4012 in

166 4033 297 4094 duntur.
1004 4024 1154 4096 scientia,
1173 4027 1217 4087 ita
1232 4033 1263 4088 et
1276 4027 1309 4086 in
1320 4025 1392 4087 fide.
1804 4059 1807 4066 -

201 4111 253 4172 lld
272 4109 400 4171 tertium
413 4107 581 4172 dicendum
600 4105 794 4186 quodetiam
811 4106 951 4170 charitas
1044 4104 1089 4164 hd
1105 4104 1233 4165 tertium
1244 4104 1411 4166 dicendum
1420 4105 1506 4183 quod
1517 4106 1597 4165 risio
1608 4104 1719 4184 patrias
1727 4107 1791 4168 erit

166 4189 268 4271 diligit
284 4189 467 4283 proximum
482 4190 611 4266 propter
631 4185 745 4257 Deum,
760 4187 790 4245 et
807 4184 852 4245 sie
865 4185 952 4246 ob'e-
1003 4180 1147 4244 veritatis
1158 4183 1280 4274 primas,
1290 4181 1465 4244 secunddm
1478 4183 1561 4260 quiid
1576 4186 1608 4243 in
1622 4201 1656 4244 se
1668 4188 1727 4249 est.
1740 4203 1792 4246 se-

166 4275 252 4330 ctum
265 4285 335 4350 eJus
349 4284 408 4346 pro
432 4265 479 4328 rid
493 4279 541 4327 est
559 4266 569 4325 i
594 4283 628 4326 se
641 4264 739 4339 Deus,
754 4265 792 4324 ut
804 4262 889 4327 inira
922 4265 953 4324 i-
1003 4259 1143 4321 cunddm
1163 4260 1241 4321 rllud
1264 4261 1281 4321 1
1294 4261 1387 4323 toan.
1400 4260 1431 4334 3,
1451 4261 1495 4320 2:
1512 4263 1632 4322 Scimus
1645 4265 1793 4341 quoniam

165 4352 266 4420 cetur,
284 4349 398 4426 quaest.
410 4285 464 4419 dh,
480 4283 591 4408 artip
1004 4335 1073 4431 otim
1088 4338 1286 4430 apparuerit,
1309 4339 1422 4431 similes
1443 4339 1471 4400 ei
1495 4341 1624 4407 erimus,
1644 4343 1792 4419 quoniam

165 4425 345 4486 hnrrcueus
367 4443 402 4486 ιι.
416 4460 455 4469 -
467 4421 578 4487 Utrdm
593 4419 742 4484 ob'ectunr
754 4417 828 4501 fidei
835 4419 877 4479 sit
891 4419 951 4483 oli·
1002 4415 1170 4478 ordebrmus
1184 4435 1252 4477 eom
1263 4417 1358 4479 sicuti
1372 4425 1428 4486 est·
1443 4417 1554 4478 ctidod
1567 4418 1646 4478 visio
1660 4419 1715 4480 illa
1730 4421 1792 4480 erit

224 4503 279 4566 uid
292 4503 483 4584 complexum
519 4441 683 4562 amodum
697 4495 950 4561 corintiodiiis.-
1002 4510 1067 4586 non
1083 4513 1140 4632 ger
1154 4495 1282 4588 modurn
1299 4495 1518 4587 enuntiabilis,
1529 4497 1583 4556 sod
1594 4512 1651 4575 per
1661 4497 1791 4558 modum

202 4523 466 4662 dl‚dist.ii‚in
504 4583 513 4599 '
564 4575 870 4648 os.litt.‚·et3,dist.
889 4575 947 4654 ii,
1001 4573 1790 4654 s·rmpiersintelligentne.Sedperirdemnonsp-

203 4667 265 4721 ort.
282 4660 311 4733 1,
327 4659 477 4740 qnesth,
492 4666 520 4719 et
532 4599 695 4724 dauntre,
708 4673 742 4716 re
767 4654 820 4729 .‘l,
832 4663 860 4715 et
876 4657 946 4716 Ver.
1001 4651 1228 4729 prehendimus
1251 4652 1418 4714 veritatem
1438 4654 1574 4730 primam
1594 4653 1677 4715 siout
1699 4653 1733 4714 in
1754 4669 1789 4714 se

202 4746 308 4820 guest.
328 4737 384 4811 li,
402 4746 462 4799 art.
479 4737 520 4812 8,
540 4753 645 4816 corp„
666 4743 693 4796 rt
714 4673 763 4794 od
771 4732 791 4793 ὅ
806 4740 833 4794 et
849 4733 905 4810 12,
920 4742 949 4795 rt
1001 4734 1067 4802 est3
1082 4728 1242 4791 undenon
1255 4730 1428 4792 estsimilis
1444 4731 1538 4792 ratio.

203 4817 449 4957 dd'dde’ddddd
474 4893 519 4956 sn
540 4891 735 4971 processui.
766 4890 794 4950 ι.
816 4888 949 4952 videtur
1001 4851 1310 5068 Α’ζζῇξξζξζῗέῐ
1323 4849 1435 5010 lm
1491 4845 1789 5001 ferifdf‘di‘dssss

96 4967 948 5132 .reserantissinuessae
1061 5005 1325 5088 ϊιιι·
1340 5004 1668 5086 ιιιιιι
1757 5005 1787 5080 ι

164 5131 249 5193 enim
269 5125 340 5192 iidci
357 5134 406 5190 est
419 5131 537 5192 veritas
550 5127 665 5206 prima,
677 5126 760 5189 sicut
771 5127 887 5187 dictum
899 5132 949 5188 est
1038 5103 1187 5166 mmm·
1198 5087 1307 5167 ΜΨ)

164 5215 225 5270 art.
240 5225 334 5289 prese.
348 5207 408 5270 Sed
422 5207 526 5288 prima
543 5207 659 5270 veritas
673 5211 722 5268 ost
736 5205 811 5284 quid
827 5205 948 5266 ineorn-
1039 5205 1086 5267 Ad
1101 5205 1230 5267 tertium
1247 5205 1293 5269 sio
1306 5204 1500 5285 proceditur.
1516 5206 1547 5266 1.
1560 5202 1788 5281 videturquod

164 5287 306 5365 plexum.
321 5287 407 5368 Ergo
422 5285 582 5370 objectum
596 5283 667 5347 ildei
681 5302 746 5346 non
763 5288 811 5347 est
824 5283 947 5363 aliquid
999 5283 1070 5346 lldci
1082 5285 1183 5380 possit
1196 5287 1329 5346 subesse
1343 5284 1471 5344 ialsum.
1488 5283 1581 5345 Fides
1604 5282 1690 5344 euim
1704 5299 1779 5343 oon-

165 5368 378 5446 eomplexum.
446 5379 449 5384 ·
999 5363 1150 5425 diridrtnr
1162 5363 1230 5442 spei
1244 5369 1276 5424 et
1289 5361 1448 5424 charitati.
1459 5362 1519 5425 Sed
1532 5361 1599 5454 spei
1612 5365 1717 5439 potest
1726 5361 1779 5422 ali

201 5450 234 5514 ἱ.
263 5451 440 5522 meteres,
464 5443 624 5526 expositio
647 5441 719 5506 lidei
741 5441 775 5502 in
801 5441 947 5524 symbolo
999 5442 1076 5522 quid
1091 5443 1223 5503 subesse
1240 5440 1372 5511 laisum3
1397 5441 1488 5501 multi
1505 5454 1592 5502 enrm
1608 5444 1789 5517 sperantes

164 5527 357 5593 continetur.
381 5525 440 5592 Sed
467 5525 500 5588 in
526 5525 671 5606 symbolo
695 5540 760 5585 non
782 5528 949 5614 ponuntur
999 5521 1166 5583 habituros
1183 5519 1281 5580 sitam
1303 5524 1467 5591 eternam,
1486 5537 1583 5599 quarn
1599 5533 1666 5579 non
1683 5518 1790 5604 ⁴babe-

165 5607 395 5681 enuntiabilia,
420 5605 475 5669 sed
492 5623 564 5666 res:
578 5620 644 5664 non
660 5602 743 5664 enim
768 5601 883 5663 dieitur
902 5600 946 5662 ibi
999 5601 1096 5670 bunt3
1112 5598 1259 5660 similiter
1270 5599 1366 5660 etiam
1376 5602 1408 5658 et
1420 5597 1585 5668 charitati;
1599 5596 1692 5658 multi
1702 5599 1788 5657 enlm

166 5685 251 5764 qubd
275 5687 359 5754 neus
384 5686 424 5750 sit
447 5682 668 5764 omnipotens,
686 5679 741 5744 sed
761 5699 769 5739 ι
788 5679 888 5742 Credo
912 5679 947 5743 iu
998 5678 1176 5755 diliguntur
1188 5673 1343 5756 tanquam
1353 5676 1440 5753 honi,
1451 5677 1507 5757 qui
1519 5682 1624 5740 tamen
1636 5676 1709 5737 boni
1722 5690 1786 5738 eon

188 737 394 877 ritngfrima.
1028 740 1218 809 mmsnnoo
1230 764 1384 824 regnosco
1399 770 1439 811 er
1447 763 1550 832 porte,
1565 764 1641 819 tono
1654 770 1817 826 ootrmeo·
1925 788 1930 793 ·
2017 828 2024 841 ,
