4067 6175
228 390 283 450 cu
651 380 782 442 sumn
800 377 1028 461 memnone
1044 376 1200 453 succum
1218 376 1399 443 umine
1815 382 1865 443 su

230 524 299 568 nou
325 507 403 567 sunt
426 501 467 574 de
488 498 661 564 dictamine
685 496 820 561 rationis
850 495 1019 561 naturalis.
1075 496 1250 571 lutumst,
1265 494 1864 575 1-2,ιιιιεῑ.οι,ιιι.οοιο,ιιιοῑιιι

229 584 255 645 E
294 600 315 643 o
327 582 442 662 religio
457 588 583 642 nonest
595 579 709 640 virtus.
1073 572 1316 669 distinguuntur
1331 572 1508 637 secundum
1527 575 1687 641 diversam
1704 578 1862 643 rationem

337 665 450 724 contro
460 662 508 721 est
519 658 598 737 quia
610 656 862 719 connumeratur
872 651 944 713 aliis
956 653 1022 717 rir—
1074 654 1202 733 objecti.
1217 655 1265 716 Ad
1279 651 1468 733 religionem
1483 660 1591 716 autem
1606 653 1745 733 pertinet
1767 658 1861 719 exhi·

231 742 374 811 tutibus,
390 746 427 801 ut
439 756 481 800 ex
493 734 665 815 premissis
678 737 781 812 patet,
796 736 909 810 quast.
923 748 1020 810 pree.
1073 734 1149 795 bere
1171 732 1385 796 reverentiam
1402 734 1459 794 uni
1479 732 1546 795 Deo
1568 729 1744 795 secundum
1763 752 1861 799 unum

270 818 460 897 lleapondeo
473 812 641 877 dicendum
653 810 756 949 Ἧιὸᾱ,
769 810 961 889 sicutsupro
974 811 1021 873 di·
1072 812 1248 885 rationem,
1274 810 1484 889 inquantum
1506 810 1627 873 seilicet
1647 816 1697 871 est
1722 810 1860 891 primum

229 902 318 966 ctum
332 902 390 965 est,
402 899 516 973 quest.
526 892 577 965 58,
588 897 651 954 art.
686 934 695 963 ‚
710 894 742 951 et
755 886 826 963 1-i‚
841 894 954 965 quest.
967 888 1018 963 55,
1094 888 1860 983 rineipiumereationisetgubernationisrerum.

231 980 296 1037 art
309 975 328 1035 n
342 980 375 1037 et
385 972 416 1045 is,
430 975 533 1035 virtus
547 975 675 1050 estque
689 966 804 1059 denum
815 966 1022 1047 [eetttaem-
1070 908 1160 1031 finde
1173 985 1243 1049 ipse
1266 968 1341 1030 dicit
1360 967 1498 1029 Malach.
1521 969 1550 1043 1,
1566 968 1585 1027 6
1600 988 1608 1027 ι
1621 968 1660 1030 Si
1679 987 1734 1049 epo
1750 969 1858 1043 Peter,

232 1053 306 1122 τῶι,
320 1060 350 1115 et
371 1070 449 1131 opus
463 1052 529 1131 qur
543 1049 657 1112 donum
678 1045 804 1113 reddet:
819 1048 851 1106 et
869 1044 941 1107 lded
955 1064 1020 1107 ue-
1070 1045 1126 1109 ubi
1137 1046 1330 1109 denormeeu
1341 1044 1467 1111 iPatris
1481 1046 1567 1107 enim
1582 1052 1631 1109 est
1643 1052 1674 1108 et
1683 1048 1859 1127 producere

229 1150 320 1194 cesse
330 1136 379 1192 est
389 1130 494 1199 dicere
504 1144 631 1189 omnem
642 1129 751 1189 actum
765 1125 886 1185 benum
899 1122 939 1184 ad
950 1124 1021 1185 vir-
1070 1128 1102 1190 ot
1114 1126 1307 1219 gubernare.
1322 1124 1362 1185 Et
1382 1123 1453 1187 ided
1477 1124 1684 1188 manifestum
1705 1130 1754 1189 est
1772 1128 1859 1207 qudd

158 1250 161 1253 -
230 1217 331 1275 tuteu
345 1209 516 1287 pertinere.
533 1204 739 1267 Manifestum
753 1206 919 1264 estautem
932 1201 1020 1280 qudd
1070 1204 1184 1285 religio
1198 1209 1247 1266 est
1260 1220 1327 1267 una
1340 1202 1454 1265 uirtus.

229 1288 362 1381 reddere
374 1287 515 1349 debitum
528 1283 737 1375 alieui'lralnet
749 1280 907 1375 rationem
921 1280 1017 1372 boui,
1111 1282 1159 1344 Ad
1171 1283 1311 1421 selmum
1328 1296 1404 1361 ergo
1421 1279 1588 1375 dicendum
1596 1281 1688 1377 'qudd
1699 1287 1763 1347 tres
1778 1302 1859 1379 per-

228 1356 1020 1529 111111111111111,’1111111111ἀὲξὲἓέ
1070 1376 1178 1510 lille
1191 1364 1858 1519 iiltililillillfftl'li“ulii

228 1523 347 1594 nienti,
366 1525 515 1599 respectu
538 1516 768 1598 ipsius‚quasi
791 1518 1019 1606 convenienter
1070 1517 1225 1610 religione
1249 1518 1399 1581 servitur.
1422 1517 1564 1585 Diversae
1588 1523 1695 1589 autern
1712 1520 1855 1583 rationes

227 1602 395 1666 ordinatus
405 1600 445 1662 ad
457 1600 575 1678 ipsum.
588 1596 674 1658 Ordo
686 1600 793 1657 autern
806 1590 846 1655 ad
860 1597 1018 1655 rotronem
1069 1597 1297 1669 attributorum
1311 1597 1509 1659 concurrunt
1521 1597 1562 1659 ad
1581 1598 1740 1661 rationem
1761 1600 1856 1679 primi

228 1679 305 1747 boui
319 1677 476 1756 pertinet,
490 1678 574 1739 sicut
585 1679 616 1735 et
638 1673 753 1735 modus
768 1674 800 1733 et
823 1670 967 1748 species,
981 1676 1018 1733 ut
1069 1674 1238 1752 principii,
1256 1676 1333 1751 quia
1345 1674 1430 1737 Deus
1444 1674 1591 1753 producit
1605 1677 1726 1749 omnia,
1745 1681 1777 1739 et
1789 1696 1858 1759 gu·-

228 1773 287 1835 per
296 1754 607 1834 Augustinumpatet
616 1752 742 1812 inlibro
751 1747 1015 1821 tellumonem,
1069 1752 1183 1829 bornat
1197 1752 1366 1831 sapientid,
1382 1753 1547 1817 voluntate
1562 1757 1594 1815 et
1604 1754 1748 1832 potentii
1764 1757 1857 1820 boni-

227 1829 696 1981 itisllnnllnluil
715 1826 1017 1981 diffindit}
1068 1828 1856 1989 “liinlidit{diciplinatuisn

228 1990 435 2061 maniiesturu
445 1993 495 2051 est
506 1987 592 2067 quod
607 1985 721 2066 religio
735 1985 834 2051 virtus
848 1987 908 2045 est.
1068 1986 1165 2049 home
1180 1988 1278 2051 servit
1293 1988 1361 2049 lieo
1375 1992 1407 2051 et
1425 1988 1500 2051 colit
1516 1989 1620 2067 ipsum
1633 2008 1642 2064 ;
1656 2006 1732 2052 nam
1749 1992 1854 2055 cultus

268 2068 315 2130 Ad
331 2069 471 2147 primum
494 2086 511 2129 e
550 2064 753 2128 edicendum
770 2060 857 2142 qudd
875 2061 1016 2123 revereri
1068 2067 1198 2145 respicit
1209 2066 1267 2129 Dei
1280 2066 1514 2139 excellentiam,
1529 2068 1581 2128 cui
1593 2070 1774 2131 reverentie
1792 2070 1854 2133 de-

227 2147 332 2220 Iteum
345 2150 395 2209 est
413 2084 594 2239 actusifoni
614 2141 750 2235 timoris.
767 2140 814 2202 Ad
826 2139 885 2202 reli
910 2142 1017 2233 ionem
1070 2145 1183 2219 betur;
1199 2145 1337 2209 servitus
1350 2149 1457 2209 autem
1471 2146 1601 2237 respicit
1623 2147 1855 2211 snb'ectionem

225 2234 335 2295 autem
348 2228 488 2304 pertinet
500 2222 603 2285 lacere
613 2222 864 2312 aliquapropter
875 2160 1017 2312 (strenam
1068 2221 1220 2295 hominis,
1235 2224 1292 2302 qul
1315 2242 1357 2286 ex
1371 2223 1432 2288 sud
1445 2224 1625 2285 conditione
1639 2225 1681 2307 ob
1695 2226 1703 2285 i
1728 2232 1801 2289 atur
1813 2228 1855 2290 ad

226 2304 452 2368 reverentiam.
466 2301 555 2364 Unde
570 2317 635 2362 uon
649 2296 892 2377 sequiturqudd
902 2297 1017 2378 religio
1068 2300 1281 2366 exhibendam
1290 2301 1502 2365 reverentiam
1514 2302 1592 2364 Deo.
1606 2304 1644 2363 llt
1656 2304 1696 2365 ad
1732 2322 1776 2367 me
1790 2305 1855 2368 duo

226 2382 268 2444 sit
283 2380 465 2459 idemquod
479 2378 748 2451 denuntiemus,
764 2376 819 2439 sed
833 2374 1016 2455 quddordi-
1067 2380 1228 2458 pertinent
1251 2397 1362 2449 omnes
1386 2386 1475 2445 actus
1503 2382 1560 2459 qui
1582 2382 1729 2464 religioni
1756 2386 1856 2446 attri-

178 2484 181 2489 ·
227 2468 322 2523 netur
333 2460 375 2521 ad
387 2462 494 2538 ipsum
505 2459 589 2520 sieut
600 2456 641 2519 ad
652 2456 774 2533 aliquid
785 2455 1015 2533 principalium
1067 2460 1223 2535 huuntur,
1245 2460 1323 2537 quia
1339 2477 1397 2539 per
1417 2478 1528 2523 omnes
1544 2459 1640 2521 homo
1658 2467 1856 2541 protestatur

226 2543 303 2607 sunt
315 2555 401 2609 emar
414 2538 501 2608 dona
514 2535 742 2613 principaliora
758 2532 928 2597 virtutibus
943 2550 1017 2594 mo-
1067 2536 1207 2601 divinam
1222 2537 1445 2600 excellentium
1459 2542 1491 2599 et
1505 2538 1733 2617 subjectionem
1750 2542 1853 2603 suiad

225 2616 361 2687 ratibus.
376 2619 413 2686 ut
424 2631 463 2676 su
487 2631 524 2685 ra
539 2613 685 2684 habitum
698 2617 764 2685 est,
778 2618 891 2689 quest.
906 2611 938 2683 9,
951 2616 1013 2673 art.
1065 2614 1184 2690 Deum,
1207 2616 1258 2679 rel
1281 2616 1463 2681 exhibendo
1479 2616 1602 2696 aliquid
1622 2618 1668 2692 ei,
1688 2619 1740 2681 rel
1756 2620 1853 2683 etiam

226 2694 257 2769 1,
271 2694 312 2756 ad
325 2692 356 2768 3,
371 2697 404 2755 et
417 2693 446 2754 1·
476 2737 485 2766 ,
500 2696 615 2783 quest.
628 2691 680 2765 18,
695 2696 756 2752 nrt.
770 2688 802 2751 8.
826 2768 833 2783 ,
1066 2694 1260 2761 assumendo
1275 2692 1395 2787 aliquid
1410 2692 1566 2770 divinum.

264 2771 311 2835 Ad
325 2772 499 2834 secundum
511 2769 678 2842 dicendum
692 2768 779 2847 quod
792 2772 888 2831 ettam
900 2786 1014 2833 nervus
1106 2772 1153 2835 Ad
1165 2774 1295 2835 tertium
1307 2774 1476 2837 dicendum
1488 2774 1573 2852 qudd
1583 2773 1775 2853 imaginibus
1787 2792 1852 2837 non

224 2854 330 2930 potest
346 2847 526 2920 voluntarie
539 2848 695 2923 exhibere
712 2847 842 2909 domiuo
856 2864 916 2910 suo
927 2850 1015 2926 quod
1066 2850 1237 2925 exhibetur
1251 2850 1416 2932 religionis
1432 2853 1538 2915 cultus
1550 2896 1559 2927 ,
1573 2850 1748 2915 secuuddm
1790 2854 1854 2917 udd

223 2930 334 3023 debet3
356 2930 456 2994 etsie
478 2926 611 3020 laeitde
635 2927 826 3018 necessitate
846 2925 1012 3018 uirtutem,
1066 2928 1100 2989 in
1114 2947 1148 2993 oe
1163 2930 1241 3008 ipsis
1254 2930 1510 3005 considerantur,
1523 2930 1616 3023 quasi
1630 2950 1680 2995 res
1716 2949 1737 2993 u
1786 2944 1852 3007 am,

223 3009 366 3068 debitum
381 3002 560 3079 voluntarie
574 3003 727 3098 reddens3
742 3008 775 3066 et
788 3004 935 3080 similiter
948 3022 1015 3066 ex·
1065 3006 1120 3069 sed
1134 3006 1310 3070 secundum
1330 3008 1416 3091 qudd
1433 3018 1509 3071 sunt
1529 3008 1685 3090 imagines
1693 2950 1852 3077 ‘ducentes

223 3086 336 3150 hibere
360 3086 427 3148 Deo
448 3084 587 3152 debltam
605 3085 794 3177 servitutem
814 3086 921 3163 potest
942 3099 1014 3145 esse
1065 3086 1211 3156 inlleum
1224 3089 1438 3152 incarnatum.
1452 3089 1555 3150 ltlotus
1567 3097 1674 3152 autem
1687 3092 1743 3171 qui
1759 3094 1806 3152 est
1820 3093 1852 3152 in

223 3170 315 3228 actus
331 3165 468 3237 vinetis,
484 3162 662 3235 seeundum
676 3160 763 3241 qudd
774 3162 873 3223 hemo
890 3161 1015 3227 volun·
1064 3165 1249 3246 imaginem,
1267 3171 1363 3246 prout
1374 3171 1422 3230 est
1439 3167 1564 3246 imago,
1579 3184 1646 3228 non
1661 3170 1804 3230 consistit
1819 3169 1852 3231 iu

222 3243 477 3314 terraneolam.
511 3319 518 3334 ¹
864 3317 871 3332 ⁹
961 3317 968 3331 ι
1064 3241 1147 3322 ipsi,
1163 3245 1218 3308 sed
1234 3245 1334 3309 tendit
1347 3243 1381 3306 in
1392 3244 1526 3324 idonius
1539 3251 1588 3310 est
1599 3247 1664 3308 ima
1687 3262 1717 3306 o.
1731 3248 1770 3308 Et
1782 3247 1852 3310 ided

263 3323 311 3416 ld
332 3322 464 3417 tertium
488 3319 657 3414 (licendum
707 3315 770 3381 udd
785 3315 1013 3412 dedectamrnc
1065 3341 1106 3396 ex
1120 3265 1852 3404 hocquddimaginibuschristiexfiibeturre·

222 3396 680 3492 rationrsuaturalrsestqudd
714 3395 905 3475 omoaquua
918 3394 1014 3471 lauat
1065 3402 1193 3494 ligionis
1213 3403 1336 3476 cultus,
1359 3420 1425 3463 non
1445 3401 1678 3480 diversificatur
1696 3405 1778 3468 ratio
1801 3405 1852 3468 la·

222 3479 493 3549 adseverantium
508 3475 736 3569 devinam&
757 3473 844 3554 qudd
860 3473 930 3536 hnc
950 3475 1013 3536 de-
1065 3484 1149 3558 trun,
1167 3499 1228 3546 uec
1241 3482 1341 3545 virtus
1356 3480 1533 3565 religionis.

223 3557 392 3627 terminate
405 3557 511 3632 iaciat,
524 3555 576 3628 rel
588 3555 656 3627 illa,
671 3552 755 3630 istud
770 3571 835 3614 non
850 3558 899 3616 est
910 3552 949 3614 de
961 3550 1013 3613 di·
1560 3601 1601 3617 ..
1666 3602 1674 3616 .
1785 3602 1837 3618 ,‚

222 3638 359 3701 cumino
368 3635 503 3698 rationis
514 3633 749 3708 naturalis.sed
761 3631 800 3695 de
812 3631 1012 3707 institutione
1063 3603 1243 3663 mmm
1262 3619 1306 3698 ’.γ’
1329 3635 1368 3646 ”“
1382 3599 1495 3695 Min
1507 3601 1619 3693 ’011930
1644 3609 1687 3664 ⁸⁸⁸
1708 3601 1852 3682 ³P⁶⁶¹⁰¹⁸⁸

219 3714 303 3795 jum
321 3715 441 3789 divini,
456 3715 508 3779 vel
521 3712 666 3774 humani·
1207 3741 1211 3750 ,
1240 3689 1344 3744 uirtus
1362 3679 1399 3741 ed
1415 3679 1670 3793 olteeduttucte.

222 3793 405 3859 hereneus
419 3810 468 3854 ur.
484 3825 523 3836 -—
537 3792 565 3852 11
567 3789 650 3851 trem
662 3788 775 3868 religio
798 3788 842 3853 eit
857 3806 923 3854 uon
941 3788 1012 3865 eir-
1103 3780 1310 3858 Adquartum
1320 3779 1366 3842 sic
1376 3777 1567 3870 proceditur.
1581 3779 1611 3839 1.
1621 3779 1850 3858 Videturqndd

346 3879 407 3940 tus,
424 3903 463 3914 .-
478 3867 570 3961 (lap,
586 3875 649 3927 art.
664 3865 695 3940 l,
708 3865 750 3928 aa
763 3867 792 3940 1,
809 3873 837 3927 et
853 3865 899 3946 2.)
993 3879 997 3886 ·
1062 3859 1176 3938 religio
1189 3874 1255 3919 non
1269 3860 1311 3919 sit
1323 3857 1471 3936 specialis
1484 3857 1587 3919 virtus
1601 3859 1641 3918 ab
1653 3857 1725 3919 aliis
1738 3858 1851 3920 distin-

262 3948 310 4010 ad
324 3948 454 4011 tertium
467 3964 514 4009 sle
525 3943 720 4025 proceditur.
735 3944 765 4004 1.
778 3943 912 4006 Videtur
925 3942 1011 4022 qudd
1063 3940 1125 3999 cta·
1146 3937 1327 4014 Diciienim
1341 3939 1390 3998 Α11
1437 3935 1612 4026 5111111140
1632 3935 1671 3997 de
1687 3937 1755 3998 Civ·
1770 3937 1848 4010 Dei,

221 4026 337 4107 religio
363 4041 429 4087 non
451 4026 493 4088 sit
515 4041 583 4088 una
604 4023 717 4085 virtus.
737 4023 799 4104 ¹Per·
822 4021 1011 4101 religionem
1062 4031 1133 4097 cap·
1150 4013 1181 4088 1,
1194 4015 1227 4075 111
1265 4015 1366 4075 rinc*
1410 4015 1852 4094 111111111111111111111110111111

221 4104 308 4168 enlm
320 4103 509 4180 ordinamur
522 4103 693 4177 ead-Deum,
708 4109 745 4163 ut
755 4100 875 4162 dietum
887 4104 936 4162 est
946 4105 1008 4163 art.
1064 4111 1142 4184 opus
1164 4111 1223 4174 quo
1260 4093 1397 4231 geritur,
1419 4103 1456 4154 ut
1476 4094 1586 4153 sancto
1615 4093 1762 4154 eccetan
1785 4095 1850 4157 nen

222 4183 473 4265 stujugquaest,
485 4182 521 4245 lu
533 4182 601 4244 Deo
610 4183 718 4243 autem
730 4182 779 4243 egl
787 4178 934 4259 accipere
945 4182 1010 4241 tres
1055 4187 1240 4251 jungamur.
1282 4171 1320 4232 ed
1343 4171 1535 4232 sacrificium
1555 4171 1693 4249 pertinet
1712 4171 1752 4234 ad
1770 4173 1852 4234 rell-

220 4279 399 4343 personas,
423 4267 454 4325 θ(
477 4259 594 4324 {lep-pm
612 4260 714 4321 multa
739 4259 913 4331 attributa,
937 4273 1010 4335 (μω
1062 4249 1202 4329 gionem.
1215 4250 1300 4329 Ergo
1315 4266 1411 4311 omne
1423 4265 1504 4329 opus
1518 4249 1644 4318 virtutis
1660 4251 1699 4312 ad
1714 4251 1852 4332 religio-

220 4343 335 4405 saltem
346 4343 472 4405 ratione
484 4339 647 4403 differunt.
663 4338 798 4401 Diversa
808 4337 1010 4398 autemratio
1063 4346 1136 4392 nem
1150 4329 1305 4409 pertinet;
1320 4333 1350 4390 et
1362 4329 1408 4390 sie
1420 4345 1486 4389 uon
1498 4331 1548 4391 est
1559 4327 1706 4406 specialis
1719 4330 1834 4392 virtus.

220 4421 337 4502 objecti
357 4419 475 4482 sufficit
495 4419 536 4482 ad
557 4416 837 4480 dirersitioandnm
853 4415 1008 4486 virtutes,
1100 4407 1131 4468 2.
1154 4409 1327 4483 Praetereo,
1344 4407 1514 4486 Apostolus
1529 4404 1634 4470 dicitt
1650 4406 1689 4469 od
1702 4407 1775 4470 Cor.
1798 4407 1849 4478 10,

220 4503 259 4561 ut
274 4518 317 4561 ex
330 4515 430 4578 supra
449 4499 540 4560 dictis
555 4500 661 4577 patet,
675 4501 788 4575 quest.
803 4495 834 4570 1,
849 4498 911 4557 art.
924 4493 956 4568 2,
969 4492 1009 4557 ad
1060 4485 1099 4581 33
1115 4505 1122 4546 ι
1135 4485 1248 4548 Omnia
1262 4487 1297 4578 in
1310 4483 1443 4578 glorium
1456 4485 1516 4546 Dei
1528 4485 1631 4568 [acite.
1643 4485 1704 4547 Sed
1717 4487 1757 4550 ad
1770 4485 1853 4548 reli-

220 4577 294 4638 Η
364 4576 480 4655 mugio
492 4591 558 4637 non
571 4579 622 4638 eu
637 4575 831 4638 numitius.
1062 4583 1190 4644 guonem
1212 4568 1350 4644 pertinet
1369 4563 1411 4627 alr
1436 4579 1480 4626 ua
1501 4562 1659 4627 ineere‘ad
1672 4563 1729 4628 Dei
1750 4583 1850 4627 reve-

259 4654 290 4716 2.
338 4653 1008 4725 retereauniusvirtutisunuseetaetus:
1061 4645 1217 4717 rentiam,
1235 4648 1271 4703 111
1291 4659 1392 4722 Supra
1434 4643 1613 4716 1111111111,
1640 4648 1701 4705 firi·
1718 4643 1848 4723 1111111111

220 4733 350 4796 habitus
364 4733 450 4795 enim
463 4732 707 4812 distinguuntur
717 4727 1008 4795 secundumactus.
1061 4726 1174 4801 quest.
1205 4720 1245 4784 ad
1260 4721 1289 4795 1,
1303 4727 1334 4782 et
1353 4725 1415 4784 art.
1431 4719 1462 4780 il.
1482 4719 1567 4801 Ergo
1584 4721 1698 4802 religio
1713 4739 1780 4784 nou
1799 4725 1849 4784 est

219 4811 395 4891 Religionis
407 4815 515 4874 autem
528 4810 621 4872 multi
636 4813 713 4872 suut
727 4815 837 4881 ndns,
851 4809 1010 4873 alcmeo-
1062 4766 1209 4880 specialis
1223 4801 1336 4866 virtus.
1415 4877 1422 4893 ι
1660 4879 1668 4892 Ι
1792 4811 1797 4820 ’

219 4889 299 4962 lere,
317 4895 349 4951 et
370 4891 511 4962 servire,
525 4906 663 4962 rovere,
679 4903 793 4961 orare,
806 4886 1008 4959 recensere,
1101 4881 1131 4940 3Ι
1154 4881 1321 4950 Praeierea·
1335 4877 1474 4940 1111111111
1495 4877 1560 4955 <lud
1581 4875 1726 4958 1111811111·
1737 4879 1847 4953 Deus,

219 4973 252 5028 et
264 4968 367 5030 multa
377 4967 573 5047 hujusmodi,
586 4967 672 5046 Ergo
683 4966 797 5046 religio
807 4980 875 5028 non
885 4968 1010 5031 estuna
1062 4975 1128 5052 non
1144 4962 1192 5020 est
1206 4959 1306 5019 virtus
1320 4957 1467 5049 distincta
1483 4953 1672 5049 delueritate
1686 4957 1752 5095 (gud
1769 4957 1849 5018 dili-

219 5045 334 5108 vmus.
1062 5042 1148 5116 gitur
1159 5039 1337 5115 proximus.
1354 5033 1411 5095 Sed
1424 5037 1508 5095 sicut
1521 5033 1637 5098 dicitur
1651 5035 1685 5095 in
1730 5033 1846 5105 ethic..

258 5125 289 5185 3.
311 5125 480 5195 Praeterea,
496 5121 642 5186 adoratio
655 5120 695 5184 ad
708 5121 767 5183 reli
791 5121 899 5183 'onem
911 5119 1010 5198 perti·
1061 5131 1131 5194 cop.
1148 5115 1178 5188 8,
1194 5116 1278 5176 cirea
1290 5113 1405 5192 princ,
1420 5110 1677 5193 honornripropi
1740 5133 1792 5174 um
1804 5121 1849 5174 est

219 5207 284 5265 net.
301 5201 361 5264 Sed
375 5202 521 5264 odoratio
533 5200 768 5340 nliffirationea
790 5200 917 5263 hibetur
929 5197 1010 5261 ima·
1063 5195 1091 5258 ei
1104 5193 1188 5274 quod
1205 5201 1248 5254 eet
1264 5192 1373 5256 murt.
1387 5191 1473 5284 Ergo
1486 5192 1597 5272 religio
1612 5190 1679 5283 qud
1722 5208 1849 5254 onora-

219 5282 367 5362 ginibns‚
382 5284 414 5342 et
429 5279 494 5343 alid
507 5279 570 5358 ipsi
612 5295 662 5340 eo.
684 5277 764 5339 Cdm
785 5293 863 5356 ergo
882 5276 1009 5340 diversa
1061 5276 1116 5338 tur
1128 5273 1226 5344 Deus,
1246 5289 1310 5332 riou
1322 5274 1370 5334 est
1391 5272 1490 5340 virtus
1504 5268 1685 5347 specialiter
1701 5269 1848 5334 distincta

218 5362 302 5424 ratio
312 5359 489 5439 distinguat
501 5359 651 5433 virtutes,
662 5355 884 5436 rideturqncd
895 5353 1009 5435 religio
1062 5348 1331 5420 aucmentando,
1345 5349 1398 5410 rel
1411 5348 1510 5422 dulit,
1525 5349 1574 5410 rel
1586 5347 1716 5426 pietate,
1729 5351 1847 5426 qmbus

219 5455 284 5500 nou
299 5439 342 5502 sit
356 5455 424 5500 una
438 5438 551 5500 virtus.
1063 5430 1242 5491 honoratur
1268 5427 1447 5508 proximus.
1473 5428 1559 5506 Ergo
1582 5443 1648 5488 uun
1668 5430 1718 5490 est
1745 5429 1847 5492 virtus

259 5517 321 5578 Sed
341 5521 455 5579 contra
475 5513 632 5686 estfflgnod
651 5513 768 5578 dieitur
782 5513 901 5592 Ephes.
920 5509 1007 5584 1,5ι
1062 5507 1221 5588 specialis.

219 5594 309 5656 Uero
322 5595 418 5666 Bm,
434 5613 501 5656 uun
561 5613 601 5655 ee.
620 5593 680 5656 Sed
701 5609 780 5656 vera
798 5591 911 5670 religio
924 5606 1010 5669 pro-
1102 5587 1286 5648 Sedeontra
1305 5581 1452 5662 estquod
1472 5583 1603 5662 ponitur
1626 5599 1701 5663 pars
1716 5583 1847 5664 lustitia

218 5671 459 5735 testaturlidem
471 5691 569 5735 nnius
581 5673 651 5734 Dei.
662 5671 748 5751 Ergo
758 5671 871 5752 religio
883 5675 933 5732 est
942 5684 1009 5732 una
1062 5667 1103 5730 ab
1117 5665 1188 5728 aliis
1200 5664 1269 5744 ejus
1284 5661 1428 5742 partibus
1441 5661 1599 5723 distincte.

220 5749 335 5812 virtus.
1102 5741 1289 5819 llespoudeo
1305 5737 1473 5802 dicendum
1488 5738 1573 5819 qudd
1595 5737 1668 5802 edm
1685 5740 1785 5802 rirtus
1797 5755 1846 5800 or·

258 5827 448 5905 tteapendeo
461 5827 629 5894 dicendum
638 5828 832 5907 condulcet
842 5843 941 5906 supro
952 5825 1010 5889 tra·
1061 5820 1189 5883 diuetur
1213 5818 1253 5882 ad
1274 5819 1418 5898 bonum,
1443 5817 1501 5880 ubi
1522 5822 1570 5880 est
1594 5819 1742 5897 specialis
1764 5818 1863 5882 ratio⁴
