4067 6175
179 356 248 411 laub
586 358 718 431 QUAEST·
737 358 871 417 CLXXX.
892 358 936 413 bn
957 358 1036 415 vlla
1055 359 1350 419 muneraturus.
1729 372 1796 428 liii

176 473 209 535 iu
224 471 490 551 contemplatione
511 472 608 536 unius
627 474 780 553 simplicis
802 472 956 535 veritatis.
1010 473 1138 544 nititur,
1164 475 1303 540 velutin
1327 478 1459 559 quodue
1484 484 1649 547 caterine
1672 488 1797 567 ponae,

175 550 259 613 utin
274 550 334 615 bac
356 550 542 631 operatione
559 556 674 615 animm
695 570 760 614 non
782 558 831 613 est
845 568 956 625 ercor;
1010 553 1101 614 modd
1114 556 1205 634 ponci
1216 560 1461 639 exuperanqniu
1471 560 1671 641 intelliqendo
1687 572 1797 626 neen-

176 632 258 693 sicut
269 634 356 710 patet
371 630 457 708 qudd
471 631 555 695 circa
568 633 763 695 intellectum
782 632 959 710 primorum
1011 632 1116 694 tiendo
1126 633 1163 695 de
1174 635 1443 717 incircumscripto
1453 640 1567 701 lumine
1573 642 1796 723 uliquiddeqn·

175 709 407 849 pritrrcipiorum
421 727 486 803 uon
501 717 639 851 errffinz,
655 710 875 849 ᾳυωρἰῑςηρίἓεί
900 711 959 850 ἔῃ·
1010 712 1190 853 ἵαεῆηιοὲὸ
1202 714 1382 807 succumbit,
1397 718 1470 796 quie
1482 717 1673 811 deportando
1685 720 1797 783 iteum

174 805 820 961 prpaerssiffigsrrffiffisfflmmags
832 806 958 960 eggiours·
1010 792 1321 933 dgfeogssfioggeqlnu
1344 797 1590 875 contemplum
1611 816 1677 861 non
1698 799 1796 861 habet

173 948 233 1009 n‘us
264 947 399 1027 angelis,
427 944 602 1009 secuuddm
622 947 706 1026 qudd
736 947 956 1025 praetermissis
1048 947 1079 1007 3.
1101 949 1274 1025 Preterea,
1287 950 1452 1014 delectatio
1473 954 1795 1036 sequituroperatio-

173 1025 333 1098 omnibus,
350 1027 384 1086 iu
405 1024 475 1089 sola
492 1026 548 1089 Dei
572 1026 839 1104 contemplatione
856 1026 957 1103 persi·
1009 1042 1084 1087 uem
1099 1028 1280 1105 perlectam,
1292 1034 1327 1090 nt
1335 1030 1450 1093 dicitur
1463 1032 1495 1093 in
1509 1033 1548 1093 10
1556 1033 1750 1113 Etbic.,eap.
1760 1033 1791 1095 i.

173 1104 290 1167 stitret
306 1103 819 1183 hocestquoddicitclieindisic
833 1104 957 1185 nnisor·
1009 1103 1306 1185 Sedcoutemplatio
1322 1110 1383 1170 viu
1398 1112 1502 1171 eslim
1545 1111 1658 1186 riecta,
1673 1131 1791 1176 secum

171 1181 430 1324 affirmandi,
439 1182 543 1323 mest,
556 1184 770 1325 c‘olr'riormiter,
781 1184 956 1322 anglicam?
1008 1179 1084 1321 dirrm
1096 1185 1179 1326 inunt
1187 1187 1201 1246 1
1214 1186 1255 1277 ad
1260 1186 1403 1279 Corinth.
1417 1189 1501 1328 ³3,ss
1531 1210 1540 1249 c
1557 1189 1698 1330 Wfflm
1708 1211 1795 1331 ”uxi

293 1308 301 1331 ,
390 1282 440 1323 nc
481 1283 565 1325 nme
612 1281 953 1325 onnmnmnunrn.
1112 1282 1348 1327 ecnnmrnenr
1430 1286 1457 1328 e.
1535 1286 1643 1331 ove

170 1341 276 1403 Motus
300 1280 408 1404 auleis
436 1350 538 1403 rectus
562 1342 596 1403 in
622 1342 744 1422 angelis
772 1340 872 1418 accipi
891 1358 956 1403 non
1002 1278 1331 1420 liita'gontemplativa
1357 1286 1793 1411 electanoiiemnonirratigm.

170 1425 274 1497 potest
297 1418 471 1482 secunddm
494 1421 523 1481 id
545 1422 630 1500 qudd
662 1421 695 1481 iu
724 1418 955 1483 considerando
1046 1416 1077 1479 l.
1099 1421 1793 1502 Preterea,insiecorporalisdelectationem

169 1499 321 1576 procedat
329 1503 370 1561 ab
380 1499 485 1560 unoin
496 1501 595 1572 aliud,
605 1500 658 1563 sed
672 1496 774 1563 soldm
782 1496 954 1561 secunddm
1007 1496 1149 1575 impedit.
1162 1500 1220 1563 Sed
1242 1503 1468 1580 contemplatio
1489 1504 1611 1565 inducit
1630 1505 1794 1567 laesionem

169 1578 313 1641 ordinem
332 1596 398 1641 sun
411 1578 628 1657 providentius,
643 1577 819 1641 secundum
834 1577 955 1639 scilicet
1007 1580 1205 1655 corporalem
1223 1580 1327 1641 :unde
1338 1581 1453 1643 Genes.
1468 1582 1630 1645 :indicitur
1645 1584 1730 1661 qudd
1741 1585 1795 1644 la·

169 1656 255 1733 qubd
275 1658 408 1738 angelus
436 1661 584 1735 superior
608 1655 776 1719 interiores
796 1656 955 1717 illuminat
1008 1657 1068 1716 rob
1083 1656 1253 1736 postquam
1271 1658 1417 1721 dixerat:
1437 1661 1510 1722 Vidi
1526 1661 1693 1722 dominnm
1712 1664 1792 1743 [orie

167 1752 226 1811 per
240 1736 360 1799 medios
375 1756 383 1797 ε
397 1741 428 1797 et
441 1737 654 1814 bocestquod
667 1734 835 1813 dicitquod
848 1734 883 1794 in
898 1734 955 1795 di·
1007 1734 1048 1794 ud
1060 1736 1181 1813 sociem,
1196 1736 1395 1801 claudicabat
1405 1738 1496 1816 pede,
1509 1739 1549 1801 eb
1560 1741 1644 1818 qudd
1657 1742 1795 1821 tetigerit

166 1822 285 1876 rectum
292 1824 454 1877 monentur
470 1814 583 1893 unpeli,
594 1814 717 1894 qnando
724 1812 901 1892 procedunt
914 1812 955 1873 ud
1007 1829 1143 1874 nervum
1162 1814 1292 1875 lemoris
1316 1816 1406 1909 ejus,
1424 1822 1456 1877 et
1481 1820 1694 1896 obstupuerit.
1708 1820 1792 1899 lirgu

165 1892 375 1973 subjectorum
386 1894 619 1973 prouidentiam
640 1892 954 1953 recinomniutrans-
1005 1890 1131 1952 videtur
1152 1892 1237 1970 qudd
1254 1894 1288 1954 in
1314 1893 1378 1957 vita
1401 1896 1646 1975 contemplativi
1669 1914 1733 1958 non
1753 1899 1795 1959 sit

165 1980 283 2049 cuntes,
303 1972 334 2033 id
353 1976 413 2043 est,
442 1970 618 2033 secundum
632 1989 671 2033 ea
688 1987 761 2049 quan
779 1966 953 2031 secundum
1005 1966 1183 2032 delectatio.

164 2055 289 2112 rectum
321 2050 465 2112 ordinem
496 2049 722 2128 disponuntur.
749 2048 809 2111 Sed
834 2056 952 2108 rectum
1045 2048 1105 2110 Sed
1119 2055 1231 2112 contra
1245 2055 1295 2111 est
1305 2051 1390 2129 quod
1403 2053 1443 2113 de
1456 2053 1722 2132 contemplatione
1734 2070 1795 2116 sa-

35 2188 37 2195 .
164 2134 287 2191 motum
309 2130 400 2221 ponit
422 2128 456 2189 iu
476 2126 953 2204 auimdsecunddmbocqubd
1004 2126 1133 2204 pientin
1156 2128 1274 2189 dicitur
1286 2129 1360 2207 Sap.
1378 2130 1409 2199 8,
1426 2130 1580 2193 ldrll'on
1599 2130 1795 2193 debetores-

164 2209 206 2268 ab
220 2209 434 2275 exterioribus
443 2208 647 2269 sensibilibus
658 2206 799 2284 procedit
813 2204 853 2266 ad
868 2205 955 2265 intel·
1004 2204 1174 2265 citudinem
1190 2209 1382 2269 conuersatio
1394 2208 1492 2278 illins,
1509 2226 1566 2270 nec
1576 2210 1699 2271 tedium
1712 2229 1795 2272 con-

167 2285 335 2363 ligibilium
350 2285 575 2364 cognitionem.
591 2284 757 2377 Obliquum
768 2288 876 2345 auum
891 2301 955 2343 mo·
1004 2280 1107 2342 uictos
1117 2282 1194 2362 ejus,
1203 2283 1401 2346 sedloetitiom
1414 2294 1442 2347 et
1454 2286 1621 2365 poeninen:
1634 2292 1667 2350 et
1675 2290 1795 2369 Grego-

167 2370 234 2423 tum
250 2363 341 2441 ponit
357 2364 389 2423 in
403 2362 518 2441 angelo
538 2368 749 2440 compositum
763 2380 805 2423 ex
821 2366 907 2423 recto
922 2366 952 2423 el
1005 2360 1074 2421 rius
1087 2361 1162 2422 dicit
1183 2379 1282 2440 super
1294 2364 1423 2437 Enseu,
1446 2365 1509 2427 loc.
1527 2382 1566 2427 su
1592 2411 1600 2427 .
1621 2366 1688 2439 cit,
1705 2367 1792 2447 qudd

166 2442 328 2513 circulari,
341 2442 374 2502 in
389 2446 546 2520 quantum
568 2440 742 2503 secundinus
759 2441 953 2517 contempla·
1006 2440 1245 2519 contenplativa
1259 2442 1327 2503 nito
1335 2443 1475 2505 amabilis
1489 2386 1589 2506 enni
1590 2444 1719 2507 dulcedo
1737 2455 1792 2505 cst.

167 2520 285 2582 tionem
306 2521 363 2582 Dei
377 2520 581 2585 interioribus
607 2520 769 2597 providem
794 2520 826 2579 iu
846 2517 953 2585 anima
1044 2518 1231 2596 Respondeo
1244 2519 1411 2583 dicendum
1424 2522 1509 2601 qudd
1525 2524 1634 2601 aliqua
1649 2532 1795 2586 contem-

165 2604 272 2661 autem
293 2601 383 2678 pouit
406 2602 529 2660 motum
557 2598 713 2679 obliquum
737 2598 884 2660 similiter
910 2617 952 2659 ex
1004 2595 1106 2674 platio
1116 2602 1221 2675 potest
1231 2616 1302 2660 esse
1313 2600 1508 2661 delectabilis
1525 2602 1703 2681 dupliciter.
1724 2603 1794 2665 Uno

166 2683 252 2739 recto
263 2684 294 2740 et
316 2678 466 2741 circulari
484 2679 822 2755 compositum,prout
834 2677 953 2737 scilicet
1004 2676 1100 2736 modo
1114 2676 1240 2738 ratione
1254 2678 1353 2757 ipsius
1362 2681 1653 2759 operationisquia
1663 2683 1792 2742 unicui-

35 2790 38 2831 ,
164 2758 453 2819 illuminationibus
472 2756 588 2817 divinis
603 2757 823 2819 ratiocinando
839 2756 950 2816 utitur.
1004 2772 1069 2831 que
1080 2754 1276 2818 delectabilis
1293 2763 1342 2817 est
1352 2760 1497 2836 operatio
1513 2759 1573 2821 sibi
1598 2761 1793 2823 couveniens
1844 2760 1849 2772 '

204 2836 250 2897 ad
265 2838 391 2898 tertium
406 2834 573 2897 dicendum
587 2834 671 2915 qudd
682 2836 742 2897 ilice
754 2835 952 2897 diversitates
1005 2829 1179 2895 secunddm
1198 2836 1361 2913 propriam
1388 2844 1537 2899 naturam
1561 2838 1614 2899 vel
1637 2839 1792 2900 habitum.

164 2920 393 2993 motuumque
408 2914 608 2992 accipiuntur
620 2913 794 2977 secuudum
806 2912 953 2975 dilieren-
1004 2911 1236 2991 Contemplatio
1248 2920 1357 2976 autem
1365 2917 1506 2977 veritatis
1513 2918 1662 2994 competit
1671 2917 1791 2978 bomini

164 2994 241 3054 tiam
269 2994 338 3077 eius
372 2992 458 3071 quod
492 2998 541 3054 est
571 2991 700 3055 suracim
728 2998 760 3054 et
783 2990 950 3063 deorsum,
1005 2988 1785 3073 secunddmsuamnaturam,proutcstanimalra

163 3071 365 3135 dextrorsum
387 3077 419 3135 et
431 3071 664 3145 sinistrorsum,
679 3078 752 3138 ante
767 3076 797 3134 et
807 3070 906 3141 retrd,
921 3076 952 3132 et
1004 3070 1190 3132 tionale2ex
1202 3087 1268 3149 quo
1278 3072 1526 3152 contingitqudd
1539 3092 1641 3136 omncs
1655 3074 1791 3137 beminen

164 3152 339 3214 secundum
365 3152 507 3214 diversos
529 3153 696 3224 circuitus,
715 3169 826 3212 omues
843 3151 952 3212 eonti-
1003 3151 1122 3209 nutnrd
1137 3151 1217 3212 scire
1231 3150 1417 3219 deriderunt,
1429 3157 1460 3214 et
1473 3171 1531 3233 per
1544 3170 1744 3232 consequens
1758 3155 1792 3214 in

165 3238 283 3293 nentur
295 3233 354 3293 sub
367 3238 454 3293 motu
467 3235 559 3294 recto
580 3231 628 3292 vel
643 3231 773 3308 obliquo
786 3252 793 3288 ε
808 3245 882 3290 nam
894 3247 952 3307 per
1004 3229 1220 3306 coguitionem
1240 3230 1383 3292 veritatis
1405 3231 1624 3293 delectantur:
1640 3237 1672 3293 et
1690 3232 1795 3294 adbuc

34 3301 35 3380 ,
162 3324 274 3372 omnes
301 3309 485 3386 designatur
511 3310 675 3372 discursus
694 3309 840 3370 rationis.
860 3307 949 3382 Quod
1004 3307 1106 3386 magis
1118 3306 1153 3366 ut
1167 3307 1227 3368 boc
1241 3308 1426 3371 delectabile
1442 3309 1570 3370 babenti
1585 3311 1729 3372 habitum
1743 3329 1794 3372 sa·

34 3437 35 3460 ,
162 3387 290 3464 quidem
312 3389 338 3450 si
353 3388 386 3448 lit
398 3386 418 3452 a
432 3406 547 3467 genere
560 3388 600 3450 ad
613 3389 762 3466 speciem,
786 3384 868 3450 vola
886 3394 951 3448 toto
1003 3385 1132 3462 pientiae
1143 3391 1175 3446 et
1188 3387 1339 3460 scientim,
1353 3405 1392 3448 ex
1410 3405 1476 3466 quo
1490 3389 1604 3450 accidit
1622 3389 1708 3468 qudd
1722 3390 1793 3450 sine

34 3585 35 3594 ,
162 3542 292 3608 sursirm
315 3550 346 3606 et
367 3543 534 3616 deorsirmr
547 3546 574 3607 si
591 3562 646 3606 ver

162 3465 202 3526 ad
215 3473 354 3544 partem,
377 3468 447 3538 erit,
471 3471 507 3528 ut
525 3468 592 3545 ipse
605 3463 951 3607 exgentigijsecunddm
1003 3463 1320 3605 dipsissmffialzqiis
1335 3467 1580 3606 cinipmpiiciin
1600 3545 1651 3606 M
1689 3545 1775 3607 W

675 3564 700 3605 sr
778 3561 877 3604 nuoo
1067 3561 1140 3602 rm
1217 3561 1341 3604 onem
1377 3560 1483 3607 aiore
1525 3562 1687 3608 rurcec
1742 3564 1794 3608 rrs

162 3625 299 3685 sitorum
317 3625 348 3683 in
364 3624 463 3695 aliud,
479 3624 539 3684 erit
560 3624 733 3685 secundum
748 3561 952 3683 dextroririm
1005 3626 1147 3699 exparte
1162 3620 1288 3700 objecti,
1310 3562 1522 3701 inpquantum
1536 3625 1656 3686 scilicet
1676 3625 1794 3702 aliquis

162 3706 194 3762 ct
204 3701 471 3773 sinistrocsbnnsi
484 3702 558 3763 verb
565 3701 635 3764 sita
651 3703 756 3763 causis
765 3701 798 3760 iu
808 3701 949 3772 eductus,
1004 3716 1073 3759 rem
1087 3706 1226 3761 amatam
1239 3703 1471 3780 contemplatur
1486 3723 1494 3761 ε
1510 3704 1593 3763 sicut
1603 3702 1698 3764 etiam
1712 3706 1795 3765 acci·

163 3782 309 3844 scitante
321 3781 462 3851 etretrd,
476 3781 501 3842 si
518 3780 594 3843 verb
612 3781 653 3841 sit
669 3777 844 3842 sccunddm
860 3781 951 3840 acci·
1004 3779 1050 3838 dit
1062 3779 1096 3839 in
1111 3778 1235 3840 visione
1247 3782 1418 3858 corporali,
1434 3798 1507 3858 qun
1518 3781 1713 3844 delectabilis
1723 3784 1794 3844 red-

162 3859 282 3933 dentia,
305 3877 377 3938 quur
402 3859 610 3921 circumstant
634 3877 701 3920 rem
722 3859 949 3937 propinquam,
1005 3857 1101 3930 ditur,
1118 3874 1183 3918 non
1200 3856 1305 3918 soltim
1323 3877 1364 3920 ex
1385 3876 1424 3920 eo
1449 3861 1534 3938 qudd
1557 3860 1663 3938 ipsum
1687 3862 1794 3923 videre

165 3940 212 4000 vel
224 3943 391 4010 remotam,
405 3939 464 4000 erit
479 3938 643 4000 circuitus.
658 3938 830 3999 Discursus
843 3943 951 4000 autem
1005 3941 1055 3998 cst
1093 3936 1295 4008 delectabile,
1331 3937 1387 3998 sod
1428 3941 1525 4000 etiam
1554 3957 1597 4000 ex
1636 3956 1675 4001 eo
1709 3941 1794 4017 qudd

165 4019 317 4087 rationis,
340 4017 469 4096 quando
496 4023 544 4080 est
566 4015 587 4079 a
610 4017 814 4079 sensibilibus
834 4017 873 4078 ad
899 4016 953 4077 iu·
1005 4015 1091 4078 videt
1104 4015 1177 4092 quis
1190 4031 1362 4093 personam
1376 4018 1620 4092 amatam.Quia
1638 4035 1715 4094 erqo
1728 4021 1792 4081 vita

165 4097 352 4189 telligibilia,
368 4096 542 4158 secundum
562 4096 706 4157 ordinem
724 4095 879 4157 naturalis
895 4112 952 4157 ra-
1005 4093 1253 4186 contemplativa
1261 4094 1421 4173 precipue
1436 4097 1581 4158 consistit
1599 4097 1631 4156 in
1646 4103 1794 4158 contem-

165 4175 272 4249 tionis,
297 4177 435 4254 pertinet
459 4175 498 4237 ad
518 4180 640 4236 motum
658 4181 799 4246 rectnm3
822 4173 952 4253 quaudo
1006 4173 1147 4251 plaboue
1161 4173 1230 4244 Dei,
1245 4173 1391 4250 adquam
1405 4173 1677 4244 movetcbaritas,
1690 4182 1727 4234 ut
1739 4175 1795 4234 di-

164 4259 271 4317 autem
285 4261 334 4316 est
348 4251 523 4317 sccundirm
541 4254 791 4316 illuminationes
805 4252 950 4325 divinas,
1007 4257 1094 4313 ctum
1108 4256 1156 4312 est
1179 4257 1240 4312 art.
1255 4252 1271 4311 1
1286 4251 1354 4312 bu'.
1369 4259 1502 4329 quaest,
1524 4257 1556 4314 et
1576 4257 1636 4313 art.
1653 4252 1689 4323 2,
1702 4253 1740 4313 ad
1763 4253 1792 4326 1,

165 4335 300 4410 pertinet
309 4333 347 4394 ad
362 4341 483 4395 motum
497 4334 675 4412 obliquum,
690 4339 726 4394 ut
740 4350 780 4394 ex
792 4331 883 4394 dictis
897 4349 953 4411 pa·
1006 4329 1081 4391 iude
1094 4330 1275 4407 estqubdio
1285 4271 1350 4392 vili
1362 4330 1606 4409 contemplativa
1616 4348 1681 4392 non
1690 4329 1793 4393 soldm

164 4417 218 4486 tet,
234 4413 480 4490 insolutpraec.
506 4412 579 4474 Sola
604 4418 711 4474 autem
735 4412 952 4485 immobilitas,
1007 4415 1056 4470 est
1068 4408 1235 4470 delectatio
1244 4409 1369 4470 ratione
1379 4410 1480 4487 ipsius
1496 4411 1793 4487 contemplationis,

164 4507 262 4630 Euam
280 4491 378 4568 ponit,
399 4491 537 4629 pertinet
553 4490 593 4552 ad
610 4496 731 4551 motum
750 4489 951 4553 circularem.
1008 4488 1062 4560 sed
1080 4489 1175 4550 etiam
1187 4490 1311 4549 ratione
1324 4488 1425 4566 ipsius
1439 4488 1536 4548 divini
1549 4488 1678 4578 amoris.

192 4569 251 4629 nde
267 4573 401 4647 patetqu
424 4568 731 4648 dDiouysiusmnltd
745 4566 953 4630 sufficientius
1047 4567 1086 4626 Et
1098 4565 1253 4644 quantdm
1273 4565 1312 4627 ad
1331 4571 1505 4645 utrumqne
1530 4585 1599 4646 ejus
1626 4566 1794 4628 delectatio

164 4645 357 4710 etsubtiliirs
373 4645 951 4724 motumcontemplalionisdescribit.
1008 4644 1794 4707 omnemdelectationembumanamexcedit.llam

162 4728 342 4788 dunenses
358 4724 813 4804 v11.-drrtmconnnptano
826 4725 955 4786 delectu·
1008 4727 1041 4784 et
1056 4723 1222 4784 delectatio
1236 4723 1412 4801 spiritualis
1426 4724 1532 4803 potior
1546 4729 1596 4785 est
1612 4723 1709 4806 quarn
1722 4743 1797 4787 car-

203 4807 319 4868 rionem
341 4804 459 4867 mosae.
477 4839 516 4850 -
531 4803 624 4884 (1-2‚
652 4813 758 4882 quest.
784 4803 814 4876 3,
842 4812 903 4864 art.
922 4803 952 4874 5,
1009 4803 1103 4869 baiis,
1120 4807 1267 4880 utsupra
1288 4801 1429 4863 babitum
1451 4807 1510 4874 est,
1529 4802 1600 4869 1-2,
1614 4807 1726 4880 quaest.
1745 4803 1794 4876 31,

202 4881 953 4964 corp.,·ett‚dnr.5,qrmn.15,arcaquoema,
1009 4880 1111 4952 arti,
1127 4879 1200 4942 crim
1214 4881 1253 4941 de
1267 4881 1473 4959 passionibus
1491 4899 1509 4943 a
1534 4888 1659 4953 erctum
1681 4883 1797 4960 etipse

201 4964 304 5048 udi.)
1009 4977 1101 5022 amor
1113 4977 1178 5037 quo
1188 4977 1230 5020 ex
1240 4960 1393 5022 charitate
1406 4961 1490 5022 Deus
1507 4900 1560 5021 silli
1585 4963 1658 5032 tur,
1670 4977 1798 5022 omnem

202 5044 249 5104 nd
278 5043 446 5121 septimum
473 5041 518 5104 sic
540 5041 733 5120 proceditur.
762 5042 790 5100 l.
822 5040 955 5102 Videtur
1008 5055 1151 5100 amorem
1166 5037 1301 5100 excedit.
1316 5038 1402 5101 Unde
1418 5040 1491 5102 etin
1500 5059 1547 5119 ps.
1604 5040 1651 5112 ,6,
1662 5039 1797 5099 dicitnr:

163 5123 249 5200 qudd
262 5121 735 5201 contemplatiodelectationem
747 5137 811 5181 nou
825 5120 952 5182 lrabeat.
1009 5117 1177 5180 Gustareet
1192 5117 1445 5197 cidereqnonimn
1453 5120 1556 5180 sancis
1571 5126 1614 5178 cst
1633 5117 1797 5177 dominns.

165 5202 338 5264 Delectatio
355 5202 439 5262 enim
455 5199 567 5262 adsim
582 5199 786 5278 appetitivam
804 5200 952 5276 pertinet.
1050 5196 1096 5257 Ad
1108 5197 1247 5274 primum
1265 5214 1343 5276 ergo
1359 5197 1526 5259 dicendum
1540 5195 1625 5275 qudd
1638 5196 1704 5254 vita
1717 5211 1798 5255 con-

164 5280 223 5340 Sed
250 5280 477 5358 contemplatio
528 5278 726 5356 rineipaliter
749 5277 895 5339 consistit
919 5279 953 5338 in
1010 5274 1212 5354 templativa,
1241 5274 1315 5336 licdt
1339 5274 1551 5336 essentialiter
1579 5273 1734 5335 consistat
1762 5273 1796 5332 in

166 5359 338 5418 intellectu.
353 5357 438 5440 Ergo
462 5359 491 5422 vi
514 5363 586 5420 etur
599 5357 685 5435 qudd
703 5357 872 5419 delectatio
887 5373 953 5418 uon
1009 5355 1184 5424 intellectu,
1194 5355 1384 5432 principium
1398 5358 1504 5413 tamen
1519 5352 1655 5413 babetin
1669 5350 1796 5423 allectu,

169 5439 324 5516 pertineat
336 5437 376 5497 ad
388 5437 702 5532 contemplationem.
1009 5434 1044 5494 in
1059 5439 1217 5512 qnantum
1231 5434 1373 5494 videlicet
1392 5431 1509 5506 aliquis
1528 5448 1570 5491 ex
1591 5430 1746 5493 charitate
1758 5431 1797 5521 ad

203 5515 234 5575 ἃ.
256 5516 423 5585 Prnterca,
439 5533 542 5579 omnis
555 5516 715 5579 contentio
731 5520 762 5576 el
774 5532 868 5576 omne
881 5533 953 5576 cer·
1008 5513 1066 5574 liei
1090 5511 1388 5589 contemplationem
1403 5509 1565 5570 incitatur.
1578 5508 1624 5569 Et·
1635 5511 1712 5588 quia
1725 5508 1798 5569 burs

166 5599 271 5656 tamen
286 5593 415 5672 impedit
423 5594 674 5660 delectationem.
689 5594 747 5655 Sed
763 5596 794 5654 in
808 5599 952 5655 coutem-
1008 5593 1181 5670 respondet
1186 5590 1363 5728 ‘principie
1378 5589 1451 5648 inde
1468 5589 1610 5680 estquod
1626 5589 1722 5650 etiam
1736 5595 1799 5647 ter·

167 5673 951 5752 piationeestcontontioetcertamen;dicitenim
1009 5673 1116 5732 minus
1134 5676 1166 5730 et
1209 5669 1258 5728 nis
1279 5668 1614 5745 rrtncontcmplatrvae
1628 5668 1799 5728 habetem

166 5753 351 5832 Gregorius,
361 5769 458 5830 super
468 5753 595 5824 Erech„
608 5754 693 5814 hom.
705 5752 755 5824 lb,
770 5755 853 5813 inter
866 5753 949 5814 med.
1008 5751 1042 5812 iu
1056 5749 1183 5820 allectu,
1203 5745 1280 5808 dirm
1301 5747 1423 5808 scilicet
1436 5746 1554 5823 aliquis
1567 5749 1601 5807 in
1614 5747 1738 5808 visione
1752 5747 1799 5808 rci

168 5845 198 5899 ct
213 5834 280 5906 lim,
297 5831 382 5908 qudd
404 5832 522 5902 enimn,
543 5832 611 5893 crim
633 5833 836 5912 conrnnpinri
858 5833 953 5893 licum
1008 5835 1122 5892 arnatn
1139 5829 1326 5900 delectatur,
1344 5833 1376 5891 et
1391 5827 1462 5903 ipsa
1477 5826 1642 5890 delectatio
1658 5827 1704 5889 rei
1724 5829 1800 5888 visu
