4067 6175
185 338 251 395 rest
323 333 455 405 punse.
475 328 624 387 ccxxxii.
643 327 687 385 oc
705 324 966 385 couennanoan
987 322 1077 379 vnn
1096 321 1232 377 acrium
1252 323 1296 377 su
1313 320 1635 381 cournsrecsnvsu.
1721 330 1792 383 sesa

186 473 201 503 ι
219 453 279 523 ost,
292 466 333 511 ne
347 445 556 509 subtrabatur
569 442 625 505 illa
638 441 792 509 suavitas,
810 443 842 500 et
854 438 967 517 oppri-
1018 435 1149 515 majoris
1163 433 1267 496 meriti
1280 436 1377 512 quam
1393 436 1506 499 activa.
1521 438 1562 498 Et
1576 439 1635 501 hoc
1653 443 1797 519 estquod

185 552 201 585 ι
217 533 283 590 mat
292 528 354 589 ista
363 525 546 587 necessitas.
563 522 630 582 »Et
640 521 685 581 sie
696 523 783 598 patet
793 518 880 611 quud
893 516 966 579 cum
1020 514 1205 607 Gregorius,
1220 515 1453 591 supermeat,
1463 516 1547 607 bom.
1559 517 1588 591 3,
1596 518 1710 608 parum
1723 529 1798 583 anre

183 607 302 684 abnuis
318 604 339 668 d
355 598 599 681 contemplativi
614 596 679 661 vitu
699 598 738 660 ad
753 603 889 659 activam
907 612 967 656 vo·
1019 594 1115 665 med,
1129 593 1222 653 dreit:
1237 616 1250 647 a
1267 590 1520 672 contemplativa
1541 612 1645 675 major
1662 604 1710 657 est
1728 618 1799 659 me-

185 692 287 756 catur,
301 701 365 745 non
379 682 441 744 hoc
453 680 487 742 ut
499 698 557 759 per
569 677 697 739 modum
719 675 964 747 subtractionis,
1021 674 1114 731 «rito
1126 669 1222 749 quum
1236 670 1351 754 activa,
1367 672 1444 748 quia
1457 673 1523 734 baec
1539 674 1571 733 in
1583 692 1644 735 usu
1660 693 1799 754 praesen-

184 762 238 825 sed
253 780 310 841 per
323 760 452 821 modum
467 756 645 821 additionis.
1021 772 1035 806 a
1054 749 1093 811 tis
1108 750 1214 827 operis
1233 749 1377 822 laborat,
1395 750 1428 810 in
1447 767 1511 829 quo
1527 753 1646 814 scilicet
1667 772 1798 816 necesso

185 844 363 903 Anrrcunus
380 856 414 899 n.
428 835 587 899 -lltnlm
596 834 774 895 eitaactiaa
786 832 826 892 sit
836 829 965 911 majoris
1020 833 1100 889 «est
1124 828 1279 907 proximis
1297 830 1485 901 subvenire3
1511 830 1565 893 illa
1584 832 1661 893 veru
1685 848 1799 910 sapore

223 920 325 981 meriti
342 918 433 997 quum
449 914 694 993 contemplativa.
711 945 749 955 -
763 910 810 991 (d,
824 910 898 971 dist.
914 908 964 979 35,
1020 927 1035 963 a
1052 906 1164 966 intimo
1177 912 1346 967 venturam
1362 906 1428 985 iam
1442 909 1586 985 requiem
1600 910 1765 990 degustat,
1782 933 1797 967 s

223 1008 330 1136 pacat.
347 998 376 1069 1,
389 1004 450 1056 art.
466 992 496 1067 u,
512 1000 618 1072 quest.
636 990 681 1071 ἓ.)

1018 984 1138 1047 scilieet
1149 985 1181 1045 in
1197 985 1462 1064 contemplatione
1475 986 1543 1047 llei.

252 1064 965 1149 dseeundumsicproccditur.1.Videturqudd
1057 1064 1289 1124 Potesttamen
1314 1065 1496 1143 contingere
1521 1065 1605 1143 qudd
1627 1066 1743 1145 aliquis
1766 1068 1800 1129 in

185 1154 249 1217 vita
264 1155 368 1216 activa
384 1155 425 1214 sit
444 1150 573 1229 majoris
590 1148 693 1209 meriti
710 1143 806 1225 quum
823 1153 967 1207 contem·
1018 1142 1168 1279 operibus
1191 1142 1264 1203 vita
1284 1142 1393 1204 activa
1416 1143 1488 1220 plus
1517 1150 1679 1205 mereatur
1702 1144 1799 1223 qudm

185 1226 839 1310 plaliva.lllerilumenimdiciturrespectu
848 1240 966 1283 merce-
1018 1238 1037 1281 a
1051 1220 1100 1281 ius
1124 1220 1158 1281 in
1178 1221 1329 1298 operibus
1343 1222 1416 1281 vitae
1434 1222 1685 1299 contemplativa
1697 1245 1705 1295 3
1719 1224 1796 1302 putu

185 1311 245 1372 dis.
260 1312 380 1372 Merces
397 1314 504 1370 aulem
519 1307 651 1368 debetur
665 1303 779 1374 labori,
791 1296 964 1363 secundum
1018 1299 1045 1357 si
1076 1303 1208 1378 propter
1225 1298 1455 1360 abundantiam
1480 1300 1577 1361 divini
1603 1304 1739 1375 amoris,
1765 1310 1801 1364 ut

186 1389 265 1450 illud
285 1391 300 1450 1
320 1389 358 1450 ad
379 1386 522 1449 Corinth.
544 1384 574 1457 3,
596 1384 634 1445 8:
650 1380 864 1479 Unusquisque
880 1397 967 1457 pra·
1018 1377 1087 1469 ejus
1101 1377 1249 1471 voluntas
1263 1378 1445 1455 impleatur,
1460 1383 1590 1517 propter
1605 1378 1704 1457 ipsius
1728 1382 1800 1459 glo-

207 1469 286 1529 riam
300 1466 464 1528 mercedem
482 1463 610 1542 accipiet
626 1460 791 1521 secandam
810 1476 899 1519 suam
916 1458 967 1521 lo,-
1017 1470 1116 1529 riam,
1132 1455 1290 1518 interdum
1305 1457 1441 1517 sustinet
1493 1457 1661 1518 dulcedine
1683 1458 1798 1519 divinae

181 1486 299 1607 darem
327 1546 386 1607 Sed
410 1545 482 1605 vitra
511 1542 620 1605 active
643 1538 828 1600 attribuitur
854 1537 963 1611 labor,
1018 1534 1293 1613 contemplationis
1316 1534 1354 1595 ad
1378 1538 1502 1613 tempus
1527 1538 1668 1613 separari
1688 1558 1696 1607 ;
1719 1538 1800 1599 sicut

185 1625 436 1702 contemplativae
455 1620 532 1685 sard
553 1619 644 1697 quies
660 1638 668 1676 τ
683 1618 757 1679 dicit
771 1616 856 1677 enim
881 1615 966 1677 Gre-
1018 1614 1188 1690 Apostolus
1204 1612 1328 1673 dicebat
1340 1613 1379 1673 ad
1399 1614 1533 1674 Roman.
1549 1614 1580 1687 9,
1596 1614 1634 1673 3:
1649 1614 1799 1693 Optabam

185 1703 294 1781 gorius
305 1701 537 1779 supcrEzecb.,
550 1698 635 1757 hom.
646 1694 695 1766 tt,
710 1694 822 1757 umed.
838 1692 966 1755 :Omnis
1019 1708 1071 1767 epa
1087 1692 1152 1771 ipse
1165 1692 1324 1751 aaatbema
1339 1691 1561 1753 csschltristo
1574 1710 1632 1770 pra
1647 1692 1799 1774 [ratribus

204 1783 239 1842 ui
250 1782 290 1842 ad
305 1782 402 1841 Deum
418 1778 619 1843 convertitur,
634 1772 726 1853 prius
738 1790 855 1833 accessa
872 1779 914 1831 est
929 1779 966 1831 ut
1016 1769 1090 1829 rada
1102 1789 1113 1829 :
1125 1770 1210 1848 quod
1227 1786 1390 1846 exponens
1404 1767 1647 1849 Chrysostomus
1663 1772 1696 1832 in
1712 1772 1766 1832 lib.
1783 1774 1799 1833 t

184 1798 496 1923 damascianam
515 1854 549 1916 id
569 1860 629 1919 est,
650 1854 738 1912 diam
756 1850 911 1925 accipiat,
929 1856 965 1908 at
1017 1846 1055 1907 de
1072 1845 1340 1925 Compunctione‚
1359 1865 1429 1925 cap.
1446 1848 1477 1921 7,
1503 1866 1585 1909 vers.
1608 1848 1676 1921 tin,
1700 1852 1796 1910 dieite

178 1936 309 2015 posted
321 1936 485 1997 uidendum
503 1930 696 2012 principium
716 1929 750 1988 ia
770 1926 882 1988 Recital
898 1944 966 1986 am-
1015 1924 1070 1985 Ita
1084 1932 1179 1985 totam
1191 1932 1318 1985 meatem
1331 1924 1396 2004 ejas
1409 1925 1591 1987 demerserat
1604 1946 1691 1987 amor
1707 1928 1731 1991 C
1733 1928 1800 1990 bri-

179 2013 324 2104 pleet'bus
337 2012 517 2093 requieseat.
531 2010 615 2087 Ergo
626 2008 692 2068 vita
706 2006 811 2067 activa
826 2010 873 2066 est
890 2022 965 2067 ma·-
1016 2003 1074 2072 sti,
1088 2011 1122 2062 at
1137 2004 1227 2065 etium
1241 2001 1298 2063 boc
1311 2004 1395 2083 quod
1409 2004 1513 2083 elprae
1532 2007 1649 2066 celeris
1661 2006 1801 2069 amatam

180 2091 260 2172 Joris
272 2093 376 2153 meriti
392 2089 490 2168 quum
507 2086 766 2163 contemplativa.
1016 2081 1180 2142 amabilius
1195 2089 1280 2149 erat,
1296 2100 1357 2140 esse
1376 2082 1602 2151 antechristo,
1618 2084 1728 2144 rarsds
1745 2087 1802 2146 id-

221 2170 251 2230 2.
273 2172 445 2241 Praeterea,
464 2168 528 2228 vila
548 2152 793 2240 contemplativa
812 2164 860 2222 est
879 2178 965 2239 quec-

183 2248 256 2307 dam
269 2247 431 2308 inchoatio
448 2245 562 2305 iuturae
580 2240 735 2301 felicitatis
748 2260 755 2298 ε
769 2238 853 2299 unde
868 2256 965 2316 super

183 2325 263 2385 iilud
281 2324 373 2385 toan.
394 2324 465 2383 ult.:
480 2323 533 2383 Sia
549 2336 616 2378 eum
630 2319 700 2380 valo
725 2334 847 2378 manere
868 2316 964 2376 donec

183 2402 320 2470 aeciam,
339 2401 414 2462 dicit
436 2398 651 2479 Augustinus,
672 2400 762 2457 tract.
786 2394 859 2465 tat,
882 2395 965 2455 inter

184 2480 265 2541 med.
281 2484 311 2540 et
325 2480 380 2539 tin.
395 2498 403 2539 ε
417 2502 431 2535 a
449 2480 516 2539 lloc
528 2473 668 2553 apertius
682 2474 742 2535 dici
754 2478 858 2551 potest
871 2492 878 2531 ε
891 2475 965 2533 Per-

185 2581 199 2616 a
218 2558 297 2619 tecta
306 2577 356 2619 me
366 2562 521 2635 sequatur
529 2557 610 2617 aetio
622 2552 792 2614 informata
802 2569 878 2612 meta
892 2568 964 2628 pas·

184 2658 199 2693 a
216 2636 485 2714 sionisexemplo;
497 2630 963 2708 inchoataverdcontemplalio

184 2717 343 2777 «maneat
360 2714 460 2774 donec
475 2712 589 2784 venio,
612 2708 802 2787 perficienda
815 2706 886 2768 cum
907 2726 964 2769 ve-

183 2814 199 2851 «
215 2810 310 2865 ncro;
324 2794 379 2854 »et
392 2791 563 2871 Gregorius
574 2788 648 2850 dicit
658 2786 960 2865 superEzech.,loc.

182 2889 253 2949 sup.
277 2870 350 2943 cit,
376 2870 461 2949 quud
487 2867 723 2946 contenplativa
745 2864 796 2929 itio
827 2864 961 2944 incipit,

181 2960 221 3010 ut
239 2949 274 3010 ia
297 2949 409 3011 calesti
425 2948 532 3027 patrid
554 2946 746 3026 perficiatur.
768 2944 826 3006 Sed
854 2944 886 3003 in
908 2942 963 3005 illd

182 3026 291 3091 iuturd
305 3026 370 3090 vitu
384 3044 449 3087 non
463 3026 523 3089 erit
538 3028 638 3087 slatus
653 3022 816 3118 merendi,
835 3022 888 3083 sed
905 3040 964 3116 re-

183 3102 964 3258 illitutltattitulatiaudatius

184 3263 249 3325 vita
259 3263 377 3334 activa3
389 3263 444 3323 sed
476 3263 525 3324 lus
537 3261 634 3322 babet
644 3260 681 3322 dc
691 3259 816 3321 ratione
828 3259 961 3336 praemii.

222 3341 252 3400 3.
268 3343 435 3410 Praeterea,
451 3281 623 3420 gregorius
638 3339 712 3399 dicit
724 3355 822 3415 super
843 3337 959 3400 Erech.

184 3417 356 3497 (colligitur
377 3437 416 3480 ex
440 3418 759 3495 bom.12,aliquant.
782 3420 856 3477 ante
879 3415 961 3496 tin),

183 3497 267 3574 qudd
281 3497 401 3558 nullum
412 3497 598 3576 sacrificium
614 3504 657 3555 eet
671 3497 735 3554 Deo
755 3494 853 3572 amois
871 3511 964 3553 acee-

180 3584 269 3653 ptam
281 3576 372 3655 quum
392 3576 476 3636 zelas
499 3575 681 3635 animarum.
702 3572 760 3631 Sed
782 3589 840 3648 per
859 3571 963 3650 zelum

183 3655 362 3714 animarum
377 3654 493 3731 aliquis
507 3671 541 3713 se
552 3650 709 3713 convertit
722 3649 761 3711 ad
776 3649 880 3710 studia
892 3649 963 3710 vitae

183 3732 304 3793 activae.
326 3733 408 3810 Ergo
430 3731 556 3792 videtur
576 3729 661 3808 quud
683 3728 746 3789 vita
764 3727 964 3806 contempla-

182 3809 247 3871 tiva
264 3828 327 3870 non
345 3810 386 3870 sit
398 3808 529 3888 majoris
541 3808 645 3869 meriti
656 3803 754 3884 quum
767 3807 882 3867 activa.

222 3888 280 3950 Sed
298 3893 408 3949 eontra
432 3886 584 3963 estquod
606 3886 668 3947 Gre
690 3885 778 3946 orius
801 3884 876 3945 dicit
895 3883 963 3944 ind

182 3966 309 4038 dierat,
326 3983 396 4045 cap.
415 3966 463 4038 18,
473 3973 547 4027 ante
558 3964 657 4025 med:
708 3981 789 4042 agea
802 3971 874 4022 suat
885 3963 963 4026 aeti·

182 4063 228 4106 ure
242 4047 314 4107 aitte
325 4045 444 4111 merita,
465 4043 517 4104 sed
532 4042 773 4120 contenplativa
782 4043 922 4124 potiora.

221 4122 407 4203 Respondeo
423 4122 589 4185 dicendum
606 4121 691 4201 quud
710 4120 803 4182 radix
821 4119 962 4182 merendi

184 4206 232 4263 est
247 4203 402 4275 charitas,
422 4201 505 4263 sicut
524 4217 622 4280 supra
644 4199 789 4262 habitum
809 4204 873 4270 est,
898 4197 961 4272 1-2,

183 4284 295 4357 quaest.
311 4283 382 4353 ult,
398 4285 459 4344 art.
477 4280 507 4342 d.
520 4279 599 4343 Cum
612 4284 719 4342 aulem
734 4277 872 4340 ebaritas
887 4293 963 4338 con-

183 4357 314 4420 sistatin
328 4360 494 4421 dilectione
503 4360 558 4420 Dei
569 4363 600 4420 et
611 4358 759 4437 proximi,
771 4357 852 4417 sicut
864 4372 962 4433 supra

184 4435 327 4497 habitum
341 4436 583 4515 acquestus,
599 4442 659 4498 art.
676 4435 705 4506 1,
718 4435 820 4494 Deum
831 4433 962 4513 diligere

183 4513 357 4576 secundum
380 4532 414 4575 se
436 4519 484 4574 cst
511 4514 611 4592 magis
642 4513 840 4573 meritorium
864 4509 962 4590 quum

183 4591 314 4671 diligere
328 4593 523 4671 proximum,
538 4595 573 4650 ut
587 4609 627 4651 ex
643 4605 740 4667 supra
757 4591 845 4650 dictis
861 4595 958 4667 patet,

183 4677 294 4747 quest.
306 4671 356 4742 2¹1,
370 4677 431 4732 art.
445 4669 480 4739 8;
496 4675 526 4729 et
541 4668 610 4730 ideo
624 4668 701 4728 illud
717 4667 801 4744 quod
814 4665 961 4729 directius

183 4750 320 4826 pertinet
333 4749 372 4810 ad
383 4749 581 4809 dilectionem
595 4747 663 4820 Dei,
679 4747 779 4824 magis
792 4750 840 4805 est
860 4748 962 4806 meri-

184 4829 300 4889 torium
315 4845 356 4890 ex
372 4843 432 4887 suo
446 4843 563 4918 genera
576 4823 673 4903 quum
688 4824 718 4885 id
740 4824 824 4917 qued
845 4823 961 4886 directe

204 4907 319 4968 ertinet
352 4905 392 4966 ad
427 4904 629 4965 dilectionem
661 4903 800 4981 proximi
831 4908 961 4982 propter

183 4924 293 5047 fleam.
310 4983 383 5046 Vita
406 4988 513 5044 autem
531 4981 776 5059 contemplativa
797 4979 913 5042 directe
930 4987 961 5042 et

183 5060 361 5126 immediate
375 5063 511 5141 pertinet
525 5060 565 5121 ad
581 5059 780 5122 dilectionem
793 5059 868 5132 Dei3
887 5059 961 5122 dicit

182 5141 267 5200 enim
281 5142 498 5222 Augustinus,
512 5139 550 5201 19
566 5138 604 5199 de
618 5137 709 5200 Civit.
729 5137 804 5212 Dei,
823 5155 892 5216 cap.
909 5138 957 5210 19,

183 5217 216 5278 in
230 5218 299 5292 tin.,
316 5221 402 5298 quud
417 5219 515 5282 otiam
527 5223 675 5286 sanetum,
689 5217 808 5280 scilieet
820 5221 959 5278 contem-

181 5296 307 5372 plativa
323 5299 405 5370 vitae,
423 5297 533 5392 querit
546 5295 680 5358 charitas
695 5297 852 5362 ueritatis,
869 5295 960 5356 scili-

181 5378 230 5435 cet
246 5373 373 5446 divinae,
389 5395 440 5438 cur
455 5372 617 5456 potissime
637 5375 701 5436 vita
716 5373 960 5452 contemplativa

182 5451 318 5524 insistit,
336 5454 419 5515 sicul
431 5455 548 5517 dictum
562 5457 625 5526 est,
642 5457 754 5532 quest.
770 5469 878 5531 pree,
897 5455 957 5514 art.

180 5528 212 5604 ls,
229 5529 312 5593 add.
330 5530 404 5594 vita
430 5538 536 5596 antem
560 5531 664 5594 activa
695 5530 845 5594 directius
875 5531 960 5592 ordi-

182 5615 278 5700 natur
298 5609 339 5673 ad
357 5609 556 5673 dilectionem
571 5611 728 5703 proximi,
746 5611 823 5690 quia
845 5611 960 5750 εαιεῖἰῑ

182 5687 267 5750 eirca
275 5689 417 5770 frequens
425 5689 683 5759 ministeriamut
696 5689 895 5752 diciturLuo.
927 5690 957 5750 0.

183 5766 222 5829 nt
236 5767 307 5831 ided
318 5785 361 5832 ex
375 5783 435 5831 suo
448 5783 565 5846 genere
576 5769 820 5850 contemplatin
835 5768 901 5832 vita
912 5770 961 5830 est

1016 2160 1126 2238 ipsum,
1140 2162 1214 2238 quia
1228 2161 1273 2219 ite
1280 2160 1416 2237 placeret
1429 2160 1565 2228 Cltristo,
1582 2171 1798 2223 contemneret.

1056 2237 1103 2296 Ad
1116 2239 1252 2315 primum
1268 2255 1344 2317 ergo
1356 2238 1521 2299 dicendum
1539 2240 1623 2317 quud
1638 2242 1730 2302 labor
1744 2262 1801 2303 ex·

1016 2315 1115 2374 terior
1133 2321 1285 2395 operatur
1299 2316 1336 2376 ad
1354 2323 1560 2396 augmentum
1575 2321 1696 2411 praemii
1718 2323 1802 2382 acri⁴

1016 2392 1170 2467 dentalis;
1200 2393 1254 2455 sed
1279 2401 1484 2473 augmentum
1510 2398 1613 2457 merrti
1650 2406 1798 2476 respectu

1015 2473 1137 2549 praemii
1157 2472 1335 2534 essentialis
1355 2476 1499 2535 consistit
1519 2476 1738 2554 principaliter
1763 2479 1797 2538 iu

1016 2549 1189 2621 charitate,
1204 2551 1294 2631 cujus
1312 2552 1470 2628 quoddam
1487 2554 1613 2646 signum
1638 2561 1686 2616 est
1708 2556 1800 2616 labor

1016 2628 1800 2710 exteriortoleraluspropterChrrstum3sedmultu

1015 2708 1200 2785 expressius
1230 2709 1298 2787 ejus
1323 2710 1450 2787 signum
1473 2717 1521 2781 est
1550 2711 1636 2788 quud
1661 2712 1797 2789 aliquis,

1015 2786 1236 2861 pretermissis
1258 2788 1403 2848 omnibus
1423 2806 1495 2866 que
1526 2788 1564 2849 ad
1590 2790 1673 2850 hanc
1702 2792 1799 2851 vitam

1014 2866 1194 2940 pertinent,
1213 2864 1273 2926 soli
1288 2865 1402 2926 divinae
1412 2867 1671 2947 contemplationi
1683 2886 1800 2932 vacare

1013 2941 1197 3004 delectetur.

1055 3020 1101 3081 Ad
1115 3020 1290 3083 secundum
1304 3022 1469 3084 dicendum
1485 3022 1569 3102 quud
1585 3023 1617 3083 in
1633 3027 1717 3086 statu
1731 3024 1799 3086 ieli-

1015 3101 1118 3163 citalis
1134 3101 1247 3163 iuturae
1266 3102 1360 3162 bomo
1387 3103 1582 3180 pervenitad
1625 3105 1797 3177 erleclum3

1015 3182 1047 3241 et
1060 3178 1128 3240 ided
1145 3198 1208 3241 non
1226 3180 1418 3259 relinquitur
1435 3182 1522 3242 loeus
1537 3123 1721 3261 prodeundi
1742 3203 1801 3264 per

1015 3259 1183 3331 meritum3
1199 3259 1224 3319 si
1239 3263 1344 3320 tamen
1361 3260 1614 3336 relinqueretur,
1626 3270 1710 3323 esset
1723 3262 1799 3322 elli-

1015 3337 1122 3397 cacius
1135 3337 1281 3396 meritum
1293 3342 1423 3414 propter
1435 3337 1587 3416 majorem
1601 3341 1798 3401 charitatem.

1013 3413 1072 3474 Sed
1086 3415 1481 3492 contemplatiopreesenlis
1498 3417 1560 3481 tite
1574 3435 1645 3477 cnm
1660 3417 1800 3494 quddam

1015 3491 1250 3569 imperfectione
1264 3497 1329 3566 cst,
1348 3496 1379 3552 et
1392 3493 1495 3554 adbuc
1507 3495 1602 3555 babet
1617 3512 1682 3572 quo
1696 3497 1801 3574 protr-

1015 3569 1079 3630 ciat
1091 3589 1100 3627 ε
1113 3575 1144 3631 et
1159 3570 1230 3633 ided
1241 3588 1303 3631 non
1314 3570 1396 3631 tollit
1407 3573 1561 3632 rationem
1571 3574 1712 3633 merendi
1723 3596 1731 3647 3
1744 3575 1799 3636 sed

1014 3657 1221 3739 augmentum
1234 3650 1337 3710 meriti
1355 3649 1429 3711 iacit
1442 3655 1572 3729 propter
1588 3651 1692 3732 majus
1708 3671 1801 3716 exer-

1015 3727 1124 3788 citurm
1140 3728 1302 3791 charitatis
1314 3729 1439 3790 divinae.

1055 3804 1100 3864 Ad
1114 3807 1241 3867 tertium
1256 3806 1422 3868 dicendum
1433 3806 1518 3886 quud
1527 3807 1717 3870 sacrificium
1731 3811 1800 3889 spi-

1014 3883 1173 3945 ritualiter
1186 3887 1251 3946 Dea
1268 3884 1418 3958 offertur,
1438 3883 1509 3948 cum
1525 3888 1643 3966 aliquid
1656 3889 1684 3948 ei
1700 3889 1799 3950 exbi-

1014 3963 1118 4024 betur.
1132 3963 1218 4024 luter
1228 3964 1336 4026 onrnia
1346 3969 1452 4025 autem
1463 3966 1547 4027 bona
1562 3967 1700 4029 bominis
1713 3969 1798 4030 deus

1014 4039 1153 4102 maxime
1169 4046 1312 4120 acceptat
1326 4045 1444 4102 bonum
1458 4043 1605 4104 humane
1617 4046 1747 4120 anima,
1763 4050 1800 4108 ut

1015 4120 1076 4181 boc
1090 4119 1150 4182 sibi
1169 4120 1202 4180 in
1215 4120 1404 4182 sacrificium
1418 4119 1581 4182 otieratur.
1597 4121 1719 4184 Otierre
1734 4142 1801 4185 au-

1014 4203 1078 4259 lem
1100 4196 1193 4261 debet
1212 4199 1329 4278 aliquis
1353 4201 1431 4273 Ileo,
1475 4199 1557 4261 rimu
1575 4202 1703 4277 quidem
1721 4204 1800 4262 ani-

1014 4293 1100 4337 mam
1117 4293 1228 4350 suam,
1247 4276 1421 4339 secundum
1445 4218 1522 4338 iulud
1543 4278 1640 4340 Eccli.
1658 4279 1708 4350 30,
1727 4279 1767 4338 Qu
1786 4301 1794 4340 ε

1013 4355 1163 4417 Miserere
1174 4356 1282 4416 aalma
1293 4357 1482 4436 tuoeplaeeas
1494 4357 1557 4416 ileo
1567 4377 1578 4425 ,·
1588 4357 1727 4419 secundo
1737 4376 1800 4420 au-

1013 4439 1077 4493 tem
1096 4436 1220 4495 animas
1243 4433 1395 4505 aliorum,
1417 4433 1591 4496 secundum
1606 4435 1683 4497 illud
1698 4437 1787 4514 Apoc

1013 4511 1073 4571 ult.
1092 4513 1129 4571 17
1146 4533 1153 4570 :
1169 4511 1231 4587 Qui
1245 4512 1346 4582 audit,
1363 4511 1446 4574 dicat
1461 4534 1472 4574 :
1490 4515 1577 4575 Veni.
1591 4515 1718 4589 Quanto
1733 4534 1798 4578 au-

1013 4593 1076 4649 tem
1094 4589 1189 4650 bomo
1200 4591 1341 4652 animam
1358 4608 1448 4653 suam
1461 4593 1654 4654 velaiterius
1666 4596 1798 4672 propin·

1013 4665 1458 4748 quiuslleoconjungil,tantd
1471 4671 1659 4733 sacritieium
1671 4678 1718 4734 est
1730 4673 1798 4734 Deo
1839 4685 1843 4690 “

1013 4747 1115 4826 magis
1135 4752 1321 4824 acceptum:
1338 4747 1422 4810 undc
1443 4749 1544 4828 magis
1565 4754 1796 4830 acceptumest

1012 4825 1079 4885 neo
1091 4823 1185 4917 ,quud
1204 4825 1320 4903 aliquis
1340 4827 1481 4920 animam
1495 4845 1587 4890 suam
1605 4834 1643 4923 et·
1659 4831 1796 4891 aliorum

1012 4903 1798 5072 illitiltltttlililalltlllllicit

1013 5069 1056 5118 est
1071 5061 1135 5119 Deo
1144 5079 1241 5140 mages
1256 5071 1412 5141 acceptam
1421 5062 1603 5143 qudmzelus
1612 5065 1795 5133 animarum,

1012 5155 1079 5198 non
1102 5137 1269 5216 protertur
1290 5141 1438 5201 meritum
1455 5144 1527 5204 vitae
1547 5144 1657 5204 activae
1682 5143 1797 5202 merito

1012 5217 1084 5279 vitre
1107 5219 1378 5296 contemplativam
1408 5219 1462 5282 sed
1492 5220 1670 5281 ostenditur
1694 5223 1795 5298 magis

1012 5312 1083 5358 esse
1097 5297 1312 5370 meritorium,
1323 5299 1349 5359 si
1365 5298 1437 5374 quis
1452 5296 1564 5358 oderat
1578 5299 1644 5359 Deo
1655 5298 1795 5359 animam

1013 5391 1103 5468 suam
1109 5379 1144 5513 εἰ
1152 5376 1301 5451 aliorum,
1313 5373 1410 5453 quum
1419 5377 1701 5455 quacumqaeatta
1709 5381 1796 5438 exte·

1011 5469 1099 5515 nora
1129 5470 1204 5516 ona.

1012 5533 1191 5594 Anmcunus
1207 5549 1255 5591 nr.
1275 5565 1313 5575 -
1332 5529 1444 5592 Utrum
1467 5529 1535 5592 aila
1560 5532 1796 5611 contenplatica

1144 5608 1331 5688 impediatur
1339 5625 1400 5688 per
1414 5609 1510 5670 eitam
1520 5611 1662 5672 activam.

1052 5687 1099 5749 Ad
1114 5689 1243 5749 tertium
1260 5687 1306 5749 sic
1320 5687 1511 5766 proceditur.
1527 5688 1556 5750 1.
1565 5689 1697 5751 Videtur
1710 5690 1795 5782 quud

1012 5766 1080 5836 rita
1109 5765 1357 5843 contemplativa
1383 5765 1574 5846 impediatur
1606 5785 1667 5846 per
1700 5774 1796 5834 vrum
