4067 6175
311 324 380 382 vus
766 320 895 381 suune
913 321 1509 390 mmmctcasccunnxsccuaoa
1832 346 1876 407 aa

308 428 536 501 alienationem
563 434 749 515 patiuntur}
775 433 917 497 secundo
937 435 1032 498 modo
1057 456 1098 499 ex
1152 460 1168 496 ι
1190 441 1222 501 et
1234 438 1424 503 interiorum
1436 440 1546 505 obliti.
1565 442 1580 498 i
1597 444 1654 507 Sed
1671 463 1761 524 pavor
1771 454 1876 520 terrem

310 516 429 578 virtute
442 516 637 588 damonum,
650 515 733 577 sicut
753 517 840 606 patet
850 514 884 575 in
904 516 1100 593 arreptitiis,·
1152 534 1225 578 rum
1240 518 1280 580 ad
1293 518 1442 582 allectum
1460 522 1604 599 pertinet.
1620 522 1788 605 Ergoetian
1800 542 1875 611 raptu

309 595 402 657 tertie
418 593 510 656 modo
520 611 562 655 ex
576 591 821 663 virtutedivxnd,
835 598 867 654 at
880 593 926 655 sic
935 592 1098 671 loquimur
1151 596 1268 658 mentis
1281 597 1321 658 ad
1335 616 1488 675 superna,
1502 602 1559 678 qui
1573 619 1614 664 ex
1629 606 1763 681 opposito
1775 612 1866 687 penitu

308 690 396 737 nunc
408 672 446 735 da
464 680 572 750 raptu,
590 675 687 751 prout
701 670 821 733 scilicet
840 671 957 749 aliquis
980 672 1096 750 spiritu
1151 675 1290 752 pertinet
1303 676 1343 737 ad
1357 675 1515 739 allectum.
1869 659 1875 688 ’

306 752 568 814 divinoelevatur
577 750 617 812 ud
628 749 737 827 aliqua
747 750 1007 827 supernaturalia
1021 768 1093 812 eum
1190 752 1375 818 Sedoontra
1388 756 1533 833 estquod
1546 757 1723 835 superillud
1759 764 1875 827 stitit:

308 830 523 893 abstractione
558 826 579 893 d
614 828 775 900 sensibus,
813 826 989 890 secundum
1013 828 1094 890 illud
1150 827 1223 909 Epo
1238 832 1309 894 dixi
1322 834 1355 894 iu
1376 852 1501 894 excessu
1515 852 1579 895 mco
1594 856 1605 893 .·
1619 836 1720 898 Omnis
1768 859 1876 905 mom.

309 908 421 971 Erech.
433 908 465 981 8,
478 910 497 969 3
512 928 520 968 ι
534 907 674 987 Spiritus
688 906 816 969 eleuauit
830 925 876 967 mc
892 907 974 967 inter
987 907 1094 968 catum
1150 907 1234 978 duc,
1263 910 1339 972 dicit
1367 911 1480 973 Glossa
1506 911 1518 991 t
1533 913 1601 974 ord.
1625 915 1722 993 Aug.)
1739 943 1746 976 .-
1761 941 1774 975 «
1792 920 1876 984 bicisus

306 996 335 1049 ct
352 996 476 1053 terrem,
495 994 524 1047 et
541 985 677 1048 adducit
693 1004 740 1047 me
756 986 793 1047 ia
807 984 980 1047 Jerusalem
994 986 1030 1047 iu
1045 986 1094 1048 ui·
1150 1008 1166 1045 v
1189 989 1322 1059 extasis,
1337 987 1410 1051 edm
1433 1008 1524 1051 niens
1541 1008 1606 1051 non
1627 997 1875 1071 pavoraalicnatnr,

305 1067 393 1127 sione
407 1066 477 1127 lici.
1150 1087 1166 1123 ι
1188 1067 1242 1126 sed
1257 1067 1368 1145 aliqud
1396 1068 1606 1145 inspiratione
1627 1073 1807 1135 revelationis
1825 1095 1876 1137 sur-

345 1144 513 1207 Scicndum
531 1146 639 1206 tamen
653 1143 738 1221 qnod
752 1142 822 1221 rapi
834 1141 1030 1219 quandoque
1044 1141 1093 1203 di·
1149 1166 1165 1199 ι
1187 1141 1259 1205 sdm
1281 1146 1467 1207 assumitur.
1494 1168 1509 1203 v
1532 1146 1591 1208 Sed
1614 1149 1757 1211 revelatio
1778 1156 1876 1229 pertinet

305 1224 389 1285 citur
411 1223 528 1301 aliquis
558 1240 622 1285 non
651 1219 754 1283 sotum
778 1226 910 1300 propter
925 1220 1093 1283 alienatio-
1148 1221 1262 1283 adsim
1272 1224 1508 1288 intellectivam.
1521 1224 1606 1305 Ergo
1617 1229 1649 1287 et
1659 1228 1767 1290 extasis
1777 1231 1876 1294 sivera-

306 1318 378 1363 nem
391 1299 411 1363 d
424 1302 583 1373 sensibus,
602 1300 656 1361 sed
669 1301 765 1361 etiam
773 1304 911 1437 propter
923 1299 1092 1359 alienatio·
1148 1304 1233 1377 ptus.

305 1398 378 1441 nem
399 1382 440 1443 ab
464 1381 513 1441 bis
540 1381 658 1458 quibus
684 1378 772 1439 inten
794 1379 892 1449 ebat3
912 1376 997 1437 sicut
1017 1373 1090 1438 calm
1185 1378 1554 1458 Respondeodicendum
1568 1380 1876 1463 quddderaptntupli-

303 1458 420 1536 aliquis
446 1460 567 1537 patitur
591 1457 812 1537 evagationem
836 1453 949 1515 mentis
975 1459 1092 1531 prater
1146 1455 1508 1536 citerloquipossumus
1523 1461 1874 1539 :unomodequantinat

303 1537 514 1615 propositum.
527 1536 586 1598 Sed
600 1536 660 1597 boc
676 1551 741 1595 uon
755 1534 798 1595 ita
814 1532 944 1611 proprii
961 1532 1088 1594 dicitur.
1144 1532 1176 1594 id
1190 1534 1225 1597 in
1239 1535 1324 1613 quod
1339 1537 1457 1614 aliquis
1473 1539 1608 1617 rapitur,
1627 1539 1714 1599 etsie
1729 1539 1874 1618 pmpritle

342 1616 388 1677 Ad
404 1616 542 1694 primum
557 1612 815 1751 ergodicendnm
835 1609 921 1688 qudd
943 1612 1091 1703 naturale
1144 1612 1285 1690 quando,
1302 1620 1414 1693 raptus
1426 1633 1492 1677 non
1505 1620 1610 1693 potest
1623 1618 1772 1694 pertinere
1786 1619 1818 1680 at
1836 1622 1873 1678 vin

302 1693 573 1784 estbominitntin
607 1704 692 1751 ivma
703 1689 811 1751 tendat
821 1690 1089 1781 persensxbrlinm
1144 1693 1360 1769 appetitivam,
1377 1691 1873 1775 sedsoldmadcognoscitivanti

284 1764 1088 1939 ·ttt‘ttttttttbt‘ttttt‘'tittiatttat:
1144 1773 1726 1928 tittatatat‘ittttatil
1741 1781 1872 1931 attat

302 1927 458 1989 intellecta
470 1932 720 2006 conspiciuntur.
731 1923 788 1984 Sed
803 1922 992 1993 istemodus,
1002 1924 1087 2001 quod
1143 1926 1287 2004 rapitur:
1303 1928 1486 2007 ipseautem
1495 1933 1602 1992 moins
1614 1928 1870 2007 appetitivevirtnlis

300 2005 419 2085 aliquis
432 2005 576 2067 elevetur
588 2004 628 2065 ad
641 2002 748 2063 divina
773 2020 845 2063 cum
871 2002 1089 2065 abstractione
1143 2008 1192 2065 est
1207 2005 1354 2083 quaedam
1378 2006 1543 2069 inclinatio
1557 2008 1598 2071 ad
1616 2009 1729 2069 bouum
1741 2010 1869 2085 appetibile

299 2080 496 2157 deensibus,
510 2098 576 2144 noa
592 2084 640 2143 est
653 2080 775 2141 bomini
794 2078 962 2141 ixatnralis.
1142 2080 1242 2155 Unde,
1255 2082 1384 2162 proprie
1402 2085 1576 2163 loquendo,
1594 2104 1636 2147 ex
1650 2086 1708 2146 boc
1720 2087 1793 2163 qudi
1812 2086 1869 2145 iona

340 2161 387 2222 Ad
400 2161 578 2223 secundum
593 2158 867 2251 dicendumqubd
889 2158 930 2219 ad
957 2158 1088 2221 modum
1141 2162 1264 2238 appetit
1277 2163 1410 2241 aliquid,
1425 2181 1491 2224 aon
1505 2163 1643 2242 rapitur,
1658 2163 1710 2225 sed
1726 2182 1777 2242 per
1791 2182 1817 2225 se
1827 2182 1870 2222 ne

299 2244 331 2302 et
344 2240 527 2321 dignitatem
542 2238 681 2299 bominis
694 2240 833 2316 pertinet
845 2236 930 2313 qudd
949 2236 1090 2299 addivi-
1141 2244 1246 2309 vetur.
1268 2242 1341 2301 Alio
1357 2241 1450 2302 modo
1471 2246 1578 2320 potest
1600 2242 1781 2304 considerari
1801 2246 1869 2317 raptus

300 2337 341 2383 aa
356 2320 510 2387 elevetur,
526 2335 567 2380 ex
582 2318 643 2378 boc
655 2316 725 2393 ipso
745 2314 831 2392 qubd
859 2315 956 2376 bomo
984 2314 1086 2378 lactus
1141 2316 1299 2394 quantum
1312 2320 1353 2381 ad
1364 2336 1458 2383 snam
1471 2336 1606 2382 causam
1621 2340 1629 2379 ι
1652 2320 1738 2382 etsie
1751 2324 1831 2398 potest
1840 2320 1870 2377 ba

298 2402 346 2459 cst
369 2397 408 2459 ad
433 2396 608 2476 imaginem
627 2394 695 2455 Dei.
712 2394 751 2455 Et
772 2392 850 2471 quia
865 2394 984 2455 bonnm
1002 2391 1089 2455 divi·
1141 2394 1217 2463 bere
1229 2414 1361 2460 causam
1375 2416 1416 2462 ex
1431 2403 1522 2476 parte
1533 2399 1713 2478 appetitiva
1726 2396 1869 2459 virtutisb

301 2494 378 2539 uum
392 2476 424 2537 in
438 2474 598 2537 inlinitum
611 2472 737 2535 excedit
756 2472 930 2533 humanam
950 2470 1088 2534 faculta-
1141 2472 1203 2535 boe
1214 2476 1300 2537 enim
1319 2474 1389 2554 ipso
1402 2476 1487 2555 qubd
1501 2478 1664 2555 appetitus
1677 2476 1714 2538 ad
1727 2474 1823 2554 aliquid
1834 2492 1870 2533 ve

299 2561 374 2629 term
390 2553 510 2633 indiget
526 2552 622 2613 bomo
633 2554 670 2611 ut
681 2550 972 2628 supernaturaliter
984 2550 1024 2612 ad
1044 2552 1088 2611 il·
1140 2548 1305 2615 bcmenter
1319 2554 1466 2628 allicitur,
1480 2560 1587 2633 potest
1595 2555 1769 2634 contingere
1776 2552 1837 2630 qutt
1845 2568 1868 2608 ιι

299 2631 354 2694 lnd
384 2634 505 2695 bouum
522 2629 761 2709 mpessentnm
791 2627 981 2707 adjuvetur:
998 2629 1087 2707 quod
1140 2630 1292 2693 violentia
1306 2631 1439 2695 allectus
1450 2633 1546 2695 bomo
1556 2636 1600 2696 ab
1608 2635 1749 2695 omnibns
1760 2632 1814 2693 aliis
1823 2629 1868 2690 alie

299 2710 334 2771 iit
354 2729 411 2790 per
430 2710 655 2789 quodcumque
676 2706 865 2771 beneficium
880 2706 1000 2787 gratim
1023 2705 1087 2768 Ua·
1140 2711 1247 2771 netur.
1273 2710 1378 2773 liabet
1401 2711 1497 2774 etiam
1523 2710 1674 2774 allectum
1696 2712 1729 2773 in
1749 2704 1867 2788 appetivi

298 2788 338 2852 dc
351 2788 436 2869 quod
449 2789 496 2851 sic
510 2788 653 2851 elevetur
666 2802 756 2847 mens
768 2782 788 2846 d
801 2785 867 2846 Deo
878 2790 1085 2863 perruptum,
1139 2785 1269 2855 virtute.
1284 2787 1359 2850 crim
1374 2789 1495 2853 scilicet
1508 2790 1630 2868 aliquis
1647 2784 1864 2853 delectatnrinlis

300 2884 366 2931 noa
380 2872 429 2931 est
441 2871 553 2930 eontm
573 2871 734 2937 naturam,
754 2863 809 2925 sed
828 2879 927 2942 supra
950 2862 1088 2927 inculta-
1139 2864 1180 2927 ad
1200 2882 1274 2943 qua
1290 2868 1424 2945 rapitur.
1440 2868 1529 2929 Unde
1550 2873 1585 2931 et
1602 2868 1767 2947 Apostolus
1783 2865 1861 2926 tinisa

298 2951 363 3009 tem
378 2950 511 3007 naturae.
1139 2949 1268 3021 raptum
1281 2962 1347 3007 non
1370 2942 1474 3007 soldm
1493 2946 1532 3008 ad
1550 2948 1680 3009 tertium
1698 2936 1857 3015 cuiun.th

339 3022 385 3087 Ad
397 3023 527 3085 tertium
540 3020 709 3084 dicendum
722 3018 809 3099 qubd
825 3020 957 3081 verbum
970 3020 1087 3083 Dama·
1140 3023 1278 3100 pertinet
1309 3023 1349 3085 ad
1383 3025 1686 3103 contemplationem
1720 3016 1858 3084 intellectis.

300 3103 387 3166 sceui
410 3108 459 3166 est
472 3101 712 3182 intelligendum
731 3095 888 3178 quantum
908 3099 948 3162 ad
963 3117 1001 3164 aa
1013 3116 1087 3178 qua
1139 3100 1195 3164 ted
1207 3102 1303 3164 etiam
1317 3103 1349 3163 in
1362 3103 1559 3182 paradisum,
1574 3104 1663 3184 quod
1674 3091 1862 3183 pcrtinetatd

300 3186 376 3245 sunt
389 3199 447 3262 per
462 3179 623 3243 bominem
644 3177 804 3250 lacienda;
828 3174 987 3256 quantum
1006 3177 1084 3241 verb
1140 3177 1267 3241 lectum.

299 3261 340 3324 ad
354 3277 392 3324 ea
406 3277 478 3341 qun
491 3258 649 3322 excedunt
658 3257 751 3319 liberi
757 3255 882 3319 arbitrii
890 3255 1085 3328 lacidtateru,
1179 3258 1374 3335 adprimnm
1384 3275 1461 3339 ergo
1470 3260 1642 3324 dicendum
1653 3259 1736 3340 qubd
1748 3247 1866 3342 repunt

299 3357 430 3402 neemse
444 3342 493 3402 est
505 3336 591 3417 qndd
603 3337 700 3400 bomo
713 3333 853 3414 quadam
867 3334 990 3398 tortori
1002 3351 1088 3413 ope-
1139 3334 1186 3398 dit
1198 3336 1319 3414 aliquid
1338 3354 1438 3415 supra
1460 3339 1609 3401 extasim.
1629 3341 1708 3402 llam
1721 3334 1817 3400 extasis
1832 3345 1868 3388 m

299 3418 426 3482 rabone
446 3418 612 3481 elevetur:
627 3432 699 3494 que
718 3413 848 3492 quidem
866 3411 1026 3492 quantum
1044 3412 1087 3474 ad
1139 3419 1247 3492 portat
1261 3416 1445 3494 simpliciter
1456 3434 1626 3480 excessum
1641 3415 1662 3480 d
1678 3417 1783 3495 seipso,
1794 3423 1868 3494 aaut·

298 3495 421 3576 aliquid
473 3493 603 3558 testdici
619 3493 754 3565 coactio,
768 3493 795 3554 si
811 3491 931 3554 scilicet
942 3491 1088 3554 attenda-
1139 3489 1215 3556 ddm
1229 3511 1325 3571 quern
1345 3495 1466 3556 scilicet
1483 3495 1602 3573 aliquis
1616 3501 1708 3558 extra
1726 3508 1803 3556 suam
1814 3484 1870 3548 orte

298 3580 354 3638 tur
368 3593 398 3636 ιιι
442 3591 480 3636 ιι
497 3572 706 3653 operationis,
720 3586 786 3632 nou
800 3574 909 3633 autem
930 3570 958 3631 si
973 3573 1087 3633 atteu-
1140 3573 1304 3634 nationem
1330 3573 1485 3650 ponitur,
1514 3573 1570 3635 scd
1599 3579 1711 3653 raptus
1738 3563 1870 3652 supertet

298 3653 395 3716 datur
408 3651 565 3715 terminus
578 3647 787 3728 operationis,
808 3647 843 3708 in
857 3665 955 3726 quem
970 3652 1088 3711 natura
1140 3649 1227 3712 addit
1265 3650 1448 3714 violentiam
1479 3651 1666 3730 quamdam.
1695 3651 1787 3712 Potest
1812 3645 1872 3721 igtur

300 3731 439 3794 bominis
451 3733 483 3792 el
495 3727 566 3806 ejus
581 3727 715 3790 intentio
729 3725 908 3788 ordinatur.
1140 3727 1261 3792 extas³s
1281 3727 1322 3791 ad
1342 3729 1404 3789 vim
1421 3729 1630 3807 appetitivam
1654 3713 1872 3808 pertinerent

300 3811 480 3872 Arescusae
495 3823 529 3867 ιι.
540 3839 578 3852 --
587 3803 698 3868 nima
707 3812 819 3882 ruptus
826 3802 1089 3883 mopispcrtiaeot
1140 3804 1214 3869 edm
1227 3805 1364 3886 alicujus
1373 3808 1533 3885 appetitus
1547 3809 1651 3869 tendit
1661 3809 1694 3869 in
1706 3799 1872 3882 eaquacxltt

338 3887 380 3949 od
391 3885 454 3949 aim
468 3882 709 3963 samariticum
723 3881 816 3961 emm
832 3881 873 3944 ud
887 3880 949 3944 uim
967 3883 1089 3963 oppeti-
1140 3883 1247 3963 ipsum
1259 3888 1335 3946 sunt
1349 3905 1358 3944 ε
1373 3889 1406 3946 et
1418 3884 1596 3947 secundum
1616 3886 1678 3948 boc
1690 3872 1873 3961 Dionysiustf·

340 3966 446 4028 tiocia.
1141 3962 1280 4040 citqutd
1301 3985 1316 4020 ι
1337 3963 1465 4025 divinus
1485 3979 1577 4025 amor
1596 3964 1672 4026 lacit
1692 3961 1818 4026 extasin.
1831 3975 1841 4007 x
1855 3964 1872 4006 ¹⁰

338 4044 387 4107 Ad
416 4039 593 4106 secuudum
611 4039 658 4104 sic
679 4039 873 4121 proceditur.
900 4039 929 4099 1.
955 4037 1089 4100 Videtur
1164 4045 1301 4104 uantum
1314 4033 1873 4118 scilicetiacitappetitumboministu·

299 4121 386 4204 quod
399 4125 511 4264 raptus
521 4120 623 4213 magis
637 4119 799 4211 pertineat
810 4117 850 4179 ad
861 4117 926 4178 vim
932 4117 1089 4211 ‘appeti-ti-
1162 4137 1216 4210 ere
1228 4119 1262 4180 in
1276 4136 1327 4181 res
1342 4122 1465 4182 amatas
1479 4139 1487 4178 ι
1504 4118 1590 4180 unde
1602 4124 1713 4197 postea
1727 4113 1816 4180 subdit
1822 4100 1872 4184 quot

300 4217 374 4265 vaxn
388 4217 433 4280 qu
456 4197 538 4262 mad
551 4216 615 4261 vim
626 4215 663 4260 co
709 4198 887 4260 oscitivam.
901 4195 984 4256 Dicit
1002 4213 1089 4257 enan
1140 4197 1251 4260 Etcum
1269 4196 1336 4275 ipsc
1355 4196 1450 4270 Data,
1471 4197 1527 4276 psi
1548 4204 1592 4258 cst
1606 4197 1739 4258 omnium
1752 4194 1873 4261 temeti

299 4279 473 4423 Βίοιὲιὶιιι
487 4275 586 4355 lcap.
601 4276 640 4338 de
677 4277 720 4338 iv.
734 4277 827 4339 Nom.
848 4275 953 4413 (ἀξιὲιῑ.
970 4273 999 4348 1,
1013 4273 1088 4336 lect.
1141 4273 1364 4338 abundantiam
1372 4273 1688 4336 momoeboaitotis
1700 4267 1874 4343 errassem

302 4358 352 4439 10)
412 4362 555 4418 stentem
573 4354 705 4416 cclesias
715 4353 837 4446 sociem
906 4351 978 4413 iaus
990 4369 1088 4414 uuor.
1141 4355 1176 4433 fit
1201 4369 1263 4432 per
1287 4351 1520 4432 prouidentiam
1546 4351 1588 4414 od
1621 4351 1724 4413 omnio
1746 4338 1873 4409 ceuceu

300 4437 361 4502 aaa
377 4452 469 4499 amor
485 4433 622 4512 pertinet
635 4432 758 4510 adnm
771 4429 989 4509 appetitivam.
1003 4429 1089 4510 Ergo
1141 4429 1294 4506 Quamvis
1310 4431 1406 4492 etiam
1421 4429 1449 4492 si
1463 4429 1616 4509 expresse
1637 4430 1698 4492 boc
1709 4411 1875 4488 dicereturtlt

300 4519 333 4578 et
345 4513 466 4576 extasis
480 4511 548 4574 sive
562 4515 685 4589 raptus.
1127 4542 1129 4549 ·
1141 4512 1249 4587 raptu,
1267 4524 1332 4568 non
1347 4507 1581 4588 designaretur,
1594 4508 1658 4570 nisi
1670 4505 1752 4586 qudd
1761 4508 1875 4564 amora·

340 4591 371 4652 2.
389 4593 556 4662 Praeterea,
574 4587 748 4668 Gregorim
768 4587 843 4650 dicit
859 4586 892 4648 in
912 4586 932 4648 2
949 4587 1088 4667 Dialog„
1142 4591 1191 4649 set
1204 4603 1303 4648 causa
1316 4585 1440 4664 rapitis.

301 4668 510 4747 “lb32051'0-
532 4667 629 4739 med,
646 4667 733 4744 quiid
758 4666 811 4730 tlte
827 4665 884 4745 qui
901 4682 1017 4745 porcos
1026 4682 1091 4744 po-
1182 4663 1228 4727 Ad
1241 4664 1417 4726 secundum
1429 4663 1596 4727 dicendum
1604 4663 1691 4745 qudd
1699 4680 1730 4724 ιι
1739 4646 1877 4730 nominent

301 4745 670 4826 permansissemus
692 4754 722 4806 et
742 4741 944 4806 immunditie
960 4741 1017 4804 aab
1040 4762 1091 4803 rc-
1142 4743 1261 4820 duplex
1282 4743 1460 4820 appetitus;
1479 4743 1600 4806 scilicet
1623 4739 1827 4804 intellectiva,
1840 4737 1878 4817 ‚lm

302 4825 431 4917 metipso
454 4821 586 4891 accidit:
608 4821 721 4884 Petrus
741 4821 824 4890 vert,
852 4838 939 4911 quem
962 4821 1090 4900 angam
1140 4821 1258 4884 dicitur
1276 4820 1447 4893 voluntas3
1471 4823 1503 4882 et
1527 4820 1710 4892 sensitivus,
1750 4814 1780 4876 ui
1801 4809 1879 4901 diuiti

303 4903 396 4968 soleat
415 4901 540 4984 ejusque
559 4906 687 4961 meatem
706 4900 742 4962 iu
765 4909 865 4962 ectasi
884 4899 1004 4978 rapuit,
1025 4918 1091 4961 eoa
1143 4899 1345 4962 sensualitas.
1358 4899 1416 4960 Est
1435 4903 1543 4960 autem
1556 4899 1722 4977 proprium
1765 4902 1843 4952 omn
1859 4895 1873 4935 ι

302 4991 394 5044 extra
413 5000 445 5042 te
486 4977 597 5046 uidem.
618 4977 671 5038 aed
687 4994 785 5056 supro
803 4977 994 5056 sunctipsum
1015 4979 1089 5059 suit.
1143 4977 1303 5070 appetitus
1324 4975 1457 5038 interior
1478 4977 1635 5038 subdatur
1655 4969 1799 5053 appetitui
1811 4973 1879 5042 satit,⁴

302 5061 360 5125 διό
379 5061 434 5122 ille
456 4997 541 5120 fiqlius
562 5055 714 5135 prodigus
754 5073 790 5118 er
809 5053 958 5117 allectum
978 5055 1011 5116 in
1034 5057 1091 5116 in·-
1143 5054 1234 5130 riori,
1252 5058 1283 5116 et
1299 5053 1447 5132 superior
1461 5059 1588 5116 moveat
1600 5053 1787 5116 inferiorem.
1799 5035 1879 5113 puple

302 5139 421 5204 teriora
453 5136 596 5214 dilapsus
625 5135 684 5195 est.
746 5148 804 5212 rgo
832 5133 928 5194 etiam
959 5133 1005 5194 illi
1034 5135 1091 5212 qni
1143 5133 1223 5195 citer
1235 5149 1313 5212 ergo
1327 5132 1424 5193 bomo
1446 5131 1620 5193 secundum
1634 5128 1799 5209 appetitum
1811 5113 1879 5198 ptttt¹

302 5219 476 5298 rapixrntur
489 5215 522 5277 iu
539 5211 707 5292 superiora
723 5227 781 5290 per
794 5207 942 5272 allectum
957 5210 1018 5272 boc
1029 5228 1092 5291 pa·
1143 5211 1212 5272 lieri
1223 5216 1316 5272 extra
1333 5209 1486 5302 seipsum.
1497 5210 1567 5272 Uno
1581 5209 1674 5270 modo
1684 5201 1805 5344 guanto
1817 5205 1880 5277 apt,t

303 5297 438 5358 liuntur.
1145 5288 1220 5349 titus
1235 5289 1447 5351 intellecturus
1466 5288 1606 5349 totaliter
1628 5287 1662 5346 in
1706 5297 1787 5343 ιιιιι
1806 5266 1880 5359 teuit

341 5375 372 5436 3.
393 5375 562 5445 Praeterea,
585 5385 684 5448 super
700 5366 777 5431 illud
798 5365 882 5445 psal.
904 5365 959 5438 30,
982 5365 1027 5427 lu
1050 5374 1090 5436 tc,
1143 5366 1364 5445 pretermissis
1388 5366 1439 5426 bis
1460 5364 1499 5427 ad
1518 5381 1591 5443 qun
1609 5364 1742 5426 inclinat
1763 5349 1880 5434 appetiti

302 5453 443 5518 Domine.
460 5448 594 5531 speravi,
610 5466 676 5509 nou
693 5465 752 5508 coa
788 5444 869 5506 adar
882 5444 919 5506 ia
933 5451 1090 5513 octauum,
1145 5443 1339 5516 sensitivus3
1355 5447 1388 5505 et
1402 5444 1449 5505 sic
1463 5443 1634 5522 Dionysius
1648 5423 1880 5508 tieitinldetp·

303 5531 379 5594 dicit
392 5531 505 5594 Glossa
519 5527 642 5608 [interl.
663 5528 745 5605 Aug.
770 5568 779 5598 ‚
795 5525 828 5584 in
842 5522 1042 5601 expositione
1054 5523 1093 5582 ti·
1145 5522 1333 5594 Nom.,looo
1345 5521 1443 5583 sitin
1455 5538 1538 5601 arg,
1550 5519 1634 5600 qutd
1651 5542 1665 5575 ι
1681 5510 1882 5600 Pauiusexnr

305 5609 385 5670 tuli:
402 5631 418 5666 ι
439 5605 567 5670 Extasis
581 5603 694 5684 greca
709 5601 931 5665 latxnddicitnr
940 5617 1092 5663 exaesam
1146 5622 1163 5658 ι
1185 5603 1253 5662 tute
1265 5599 1366 5662 divini
1380 5599 1498 5662 amoris
1519 5598 1656 5661 extasim
1677 5594 1800 5657 iaciente
1809 5577 1881 5676 ⁸tiot-

308 5707 322 5742 ι
345 5685 459 5748 mentis
480 5683 537 5762 qui
558 5683 594 5746 tit
615 5681 741 5746 duobus
761 5679 880 5754 modis,
903 5679 953 5742 vel
973 5694 1094 5758 pavore
1147 5700 1163 5736 ι
1184 5677 1268 5740 Vivo
1280 5695 1353 5757 ego,
1369 5677 1437 5756 jam
1454 5693 1520 5739 noa
1538 5692 1609 5758 ego,
1627 5673 1704 5741 vivit
1725 5665 1794 5729 vert
1808 5661 1884 5757 iuti

309 5784 323 5818 ι
347 5767 559 5834 terrenorum,
577 5759 626 5824 vel
642 5763 755 5824 incute
770 5753 861 5820 rautt
883 5757 922 5820 ad
939 5773 1093 5836 superna,
1147 5776 1164 5820 s
1187 5754 1372 5818 Christus.»
1392 5754 1460 5815 alio
1473 5753 1567 5815 modo
1580 5737 1885 5832 qaanaopmtemut
