4067 6175
175 284 225 343 88!
404 280 543 350 QUAEST.
558 281 688 340 nxxvtt.
707 282 752 339 DE
771 278 1033 339 vnsboobenvta
1052 278 1085 334 nt
1105 276 1274 335 nunnoni:
1293 277 1338 335 ET
1356 276 1573 336 vbltotvtortn.
1751 278 1807 339 tit

175 397 226 455 est
238 394 407 471 argentum
422 396 454 451 et
469 407 602 465 aurum,
621 390 699 470 putd
715 392 756 454 ad
777 408 856 454 vasa
872 398 907 453 et
927 392 966 451 ad
1018 389 1157 452 aliorum
1172 388 1367 469 hujusmodi,
1381 391 1545 454 sedetiam
1559 392 1807 475 propterdigui-

175 470 242 533 alia
254 468 453 549 hujusmodi3
466 488 543 551 ergo
553 470 655 532 multo
665 466 772 532 minus
786 468 847 533 erit
855 468 967 531 illicita
1020 472 1117 527 tatem
1143 471 1174 528 et
1194 469 1365 546 puritatem
1386 470 1574 533 substantia)
1592 469 1746 549 ipsorum.
1768 474 1807 535 Et

177 546 331 619 venditio,
345 546 373 607 si
389 547 432 608 sit
442 547 582 610 delectus
598 549 631 608 in
643 548 727 611 aliis.
1021 545 1090 607 ideo
1102 546 1128 608 si
1139 563 1256 609 aurum
1268 547 1319 608 vol
1331 554 1499 627 argentum
1515 549 1557 609 ab
1567 548 1743 611 alchimicis
1753 549 1808 614 la-

215 624 246 685 2.
269 625 437 697 Preterea,
450 625 589 687 delectus
608 644 649 686 ex
668 630 761 704 parte
776 626 835 693 rei,
849 624 905 703 qui
918 629 966 686 est
1019 629 1105 683 ctum
1124 640 1231 685 veram
1252 625 1389 703 speciem
1405 643 1469 686 non
1483 626 1600 687 babeat
1613 627 1685 689 auri
1702 630 1734 687 et
1747 644 1808 689 ar-

176 700 354 765 secunddm
372 704 596 781 quantitatem.
612 704 752 765 maxime
769 704 894 765 videtur
909 702 968 781 ju·
1020 702 1127 779 genti,
1155 706 1204 763 est
1225 701 1428 766 fraudulenta
1449 708 1481 763 et
1504 703 1624 782 injusta
1648 704 1806 779 venditio,

177 783 271 843 stitia
280 781 798 859 contrariari,quteinequalitate
809 781 964 843 consistit.
1014 780 1196 855 praesertim
1213 779 1287 841 edm
1304 782 1369 841 sint
1384 782 1500 859 alique
1519 782 1672 844 utilitates
1690 783 1761 844 auri
1777 789 1809 845 et

176 859 346 935 Quantitas
358 863 466 920 autem
480 877 538 937 per
551 876 736 920 mensuram
746 858 965 939 cognoscitur;
1020 858 1145 935 argenti
1161 858 1242 933 veri,
1261 854 1437 920 seeunddm
1450 860 1630 923 naturalem
1645 861 1809 938 operatio-

178 954 339 998 mensure
353 942 461 998 autem
475 954 584 997 rerum
599 954 672 1015 quae
688 937 721 998 in
740 954 836 997 usum
859 935 966 996 bomi-

179 1034 256 1077 num
268 1016 415 1087 veniunt,
429 1032 494 1075 non
505 1014 818 1087 suntdeterminatae,
834 1013 890 1075 sed
902 1014 967 1074 ali-
1019 1011 1203 1074 alchimiam
1214 1016 1436 1105 sophisticat03
1448 1014 1809 1095 sicutquddhabetpro-

179 1094 250 1156 cubi
269 1096 425 1171 majores,
443 1092 560 1153 alicubi
580 1093 732 1165 minores,
745 1098 783 1153 ut
802 1093 889 1170 patet
909 1109 967 1169 per
1018 1090 1186 1226 prietatem
1199 1090 1390 1167 laetificandi,
1404 1095 1435 1153 et
1451 1100 1563 1155 eontra
1580 1093 1736 1171 quasdam
1755 1096 1809 1155 in-

180 1172 409 1250 Philosophum
421 1169 656 1243 in5Etbic.‚ca
681 1170 770 1242 .'l,in
783 1170 865 1231 med.
880 1169 966 1249 Ergo
1043 1168 1184 1229 rmitates
1209 1169 1439 1232 medicinaliter
1460 1170 1574 1250 juvat:
1608 1172 1807 1263 frequentiis

179 1254 263 1312 sicut
280 1266 344 1310 non
361 1252 466 1326 potest
482 1248 595 1308 evitari
609 1188 748 1309 deiectus
760 1265 799 1309 ex
810 1252 907 1385 (parte
918 1247 965 1309 rei
1018 1246 1115 1308 etiam
1130 1250 1233 1335 potest
1246 1248 1323 1326 poni
1338 1248 1371 1308 in
1385 1250 1583 1326 operatione,
1597 1254 1629 1311 et
1643 1248 1762 1312 drutids
1775 1252 1806 1312 in

180 1328 327 1399 vendite,
338 1328 381 1387 ita
391 1326 515 1387 videtur
523 1325 609 1403 qudd
620 1343 664 1386 ex
677 1325 738 1387 hoe
749 1343 808 1389 ven
830 1332 887 1386 itio
900 1342 966 1387 uon
1018 1322 1080 1385 sud
1098 1328 1238 1401 puritate
1256 1329 1422 1403 permanet
1441 1343 1557 1388 aurum
1576 1345 1690 1389 verum
1729 1326 1806 1391 uam

181 1406 332 1467 reddatur
345 1404 463 1465 illicita.
1018 1417 1136 1463 aurum
1153 1404 1407 1481 sophisticatum.
1431 1404 1461 1465 si
1487 1410 1595 1467 autem
1621 1423 1680 1483 per
1700 1346 1808 1467 {icht-

220 1484 251 1543 3.
273 1484 440 1554 Praeterea,
453 1482 493 1544 ad
505 1480 662 1555 detectum
678 1480 724 1542 rei
740 1480 877 1545 vendite
889 1498 968 1559 per·
1018 1479 1115 1541 miam
1129 1480 1219 1542 lieret
1231 1498 1348 1543 aurum
1359 1500 1481 1559 verum,
1492 1500 1555 1544 nou
1566 1486 1651 1544 esset
1660 1482 1807 1545 illicitum

181 1561 271 1631 tinet,
285 1562 312 1622 si
328 1561 358 1623 ei
373 1560 567 1622 conveniens
580 1559 720 1635 qualitas
733 1559 831 1621 deest.
854 1559 913 1621 Sed
925 1558 965 1622 ad
1018 1556 1125 1634 ipsum
1141 1576 1200 1636 pro
1213 1577 1290 1621 vero
1304 1561 1457 1633 vendere,
1472 1561 1549 1639 quia
1565 1561 1647 1621 nihil
1659 1563 1808 1639 probibet

179 1639 366 1716 qualitatem
375 1639 423 1699 rei
436 1636 690 1717 cognoscendam
704 1638 882 1713 requiritur
891 1654 968 1700 ma·
1018 1640 1136 1701 artem,
1152 1638 1197 1699 uti
1222 1638 1385 1715 aliquibus
1409 1638 1614 1700 naturalibus
1637 1640 1745 1701 causis
1767 1640 1807 1701 ad

178 1733 243 1795 gna
257 1716 402 1790 scientia,
415 1726 489 1794 quie
526 1714 666 1793 terisque
679 1716 899 1778 venditoribus
912 1715 967 1777 de·
1019 1712 1239 1791 producendos
1250 1718 1413 1778 naturales
1425 1720 1456 1777 et
1468 1732 1559 1778 veros
1573 1712 1714 1791 effeetus,
1724 1717 1808 1779 sicut

178 1797 238 1855 est.
251 1795 336 1873 Ergo
343 1811 409 1867 non
417 1734 560 1855 reddiiur
569 1792 708 1856 venditio
716 1792 827 1855 illicita
835 1797 967 1874 propter
1017 1790 1217 1870 Augustinus
1231 1793 1307 1855 dicit
1320 1794 1354 1855 in
1370 1794 1390 1854 3
1404 1793 1442 1855 de
1454 1794 1556 1867 Trio„
1571 1809 1642 1872 cap.
1657 1793 1689 1869 8,
1698 1794 1738 1856 de
1757 1794 1807 1857 liis

178 1872 346 1935 detectum.
1017 1871 1469 1948 queartedemonumfiunt.

219 1948 623 2027 Sedcontraestquoddicit
633 1948 822 2012 Ambrosius
835 1949 868 2011 in
878 1949 967 2012 lib.3
1057 1947 1106 2009 Ad
1128 1950 1304 2011 secundum
1329 1948 1497 2012 dicendum
1522 1948 1608 2041 qudd
1637 1966 1807 2013 mensuras

177 2028 217 2090 de
242 2028 345 2103 Offic,
366 2045 438 2107 cap.
454 2028 512 2101 11,
532 2025 553 2091 a
572 2027 655 2087 med.
671 2047 680 2088 ι
695 2027 814 2106 lteqnlc
831 2028 967 2107 justitie
1017 2042 1128 2089 rerum
1136 2029 1301 2090 venalium
1315 2046 1446 2090 necesse
1465 2031 1514 2089 est
1529 2045 1563 2086 ιιι
1578 2027 1713 2090 diversis
1728 2028 1807 2091 locis

177 2104 969 2265 ttttttttttttitttt⁰.·t}tttttttttmttt
1018 2104 1267 2258 titilius
1282 2106 1809 2245 ‘’tttttlttt‘ttitttttttt‘

177 2280 281 2341 qnam,
296 2280 351 2323 nec
365 2230 432 2323 doit
441 2260 561 2340 aliquid
574 2269 747 2321 annectere.
871 2201 890 2263 q
1018 2202 1483 2322 consueverunt'eisemabres
1495 2202 1665 2321 mengone.
1679 2260 1715 2321 ln
1726 2228 1809 2321 nrm1

219 2340 407 2417 Respondeo
415 2336 589 2399 dicendum
603 2337 689 2417 qudd
705 2339 791 2399 eirea
809 2355 878 2398 rem
895 2355 967 2415 quta
1020 2351 1150 2413 quoque
1167 2340 1275 2399 tamen
1288 2337 1360 2400 loco
1371 2280 1412 2399 ad
1423 2342 1564 2400 rectores
1580 2338 1715 2399 civitatis
1730 2356 1808 2417 per-

177 2416 330 2478 venditur
345 2417 463 2493 triplex
479 2414 619 2476 deiectus
638 2414 834 2477 considerari
852 2420 965 2493 potest.
1017 2412 1344 2489 tinetdeterminare,
1359 2433 1433 2494 quta
1451 2417 1517 2479 sint
1533 2415 1628 2493 justa
1646 2434 1807 2479 mensure

178 2494 269 2555 Unus
279 2493 409 2571 quidem
423 2489 598 2554 secundirm
608 2493 745 2571 speeiem
757 2493 820 2567 rei;
837 2498 869 2553 et
881 2493 967 2555 hunc
1019 2508 1128 2553 rerum
1148 2494 1320 2567 venalium,
1339 2495 1482 2632 Eensatis
1500 2494 1736 2556 conditionibus
1756 2495 1809 2556 lo-

177 2570 309 2647 quidem
322 2571 479 2632 delectum
494 2569 521 2629 si
536 2570 680 2630 venditor
694 2576 866 2650 eognoscat
883 2572 914 2630 in
931 2589 968 2633 re
1020 2586 1131 2630 eorum
1150 2576 1181 2631 et
1201 2590 1321 2632 rerum.
1368 2571 1465 2634 tideo
1482 2572 1540 2632 has
1558 2589 1726 2633 mensuras
1741 2590 1806 2651 pu·
1881 2600 1890 2614 ·

177 2665 279 2728 quam
288 2648 406 2720 vendit,
421 2646 564 2709 fraudem
579 2648 745 2709 committit
757 2648 790 2708 in
805 2648 968 2711 venditio·
1020 2648 1103 2709 blica
1117 2650 1306 2711 auctoritate
1320 2650 1372 2711 vel
1392 2646 1623 2712 consuetudine
1644 2648 1806 2713 institutas

178 2745 222 2788 ne
239 2726 345 2787 :unde
359 2726 497 2787 venditio
512 2724 621 2787 illicita
631 2725 783 2785 redditur.
798 2726 838 2786 Et
851 2727 912 2789 hoc
919 2736 968 2789 est
1022 2726 1184 2802 praeterire
1195 2746 1260 2787 nou
1272 2728 1355 2790 lieet.

1020 951 1092 993 nem
1107 934 1263 1012 ipsorum,
1279 954 1352 1014 quae
1366 954 1431 997 non
1448 938 1646 999 conveniunt
1659 953 1809 1017 europer
1905 956 1907 959 ·

177 2804 265 2883 quod
282 2804 398 2865 dicitur
412 2806 524 2864 contra
537 2802 693 2882 quosdam
707 2804 770 2865 lsa.
787 2804 816 2874 1,
831 2804 871 2862 22
885 2825 893 2863 :
908 2806 968 2865 Ar-

177 2891 303 2960 pentum
322 2890 408 2942 tunm
425 2899 546 2941 oneum
565 2889 610 2940 est
632 2881 668 2942 t'n
688 2882 840 2950 scoriam,
860 2884 969 2943 vinum

180 2969 269 3021 tunm
276 2959 411 3022 mictum
420 2967 464 3018 est
473 2960 571 3038 nqnds
584 2958 671 3036 quod
681 2960 765 3019 enim
774 2960 967 3036 permixtum

177 3042 239 3110 est,
259 3038 381 3117 patitur
398 3035 555 3099 detectum
577 3034 734 3114 quantirm
756 3038 795 3100 ad
816 3038 965 3116 speciem.

176 3117 270 3177 Alius
285 3121 393 3179 autem
406 3116 545 3177 deiectus
558 3118 607 3176 est
621 3113 794 3176 secundum
806 3118 968 3194 quantita-

177 3200 338 3285 temque
351 3212 409 3271 per
419 3208 605 3254 mensuram
614 3194 837 3272 cognoscitur3
852 3200 884 3256 ct
896 3195 968 3259 ided

178 3273 304 3349 siquis
333 3271 471 3334 scienter
498 3275 607 3332 utatur
628 3271 787 3333 deficienti
815 3273 968 3336 mensuri

179 3351 215 3412 in
230 3349 406 3423 vendendo,
422 3349 565 3410 iraudem
580 3351 761 3422 committit;
781 3355 814 3411 et
831 3353 881 3411 est
899 3352 969 3412 illi-

178 3428 244 3489 cila
261 3427 413 3488 venditio.
439 3427 526 3489 Unde
548 3424 664 3488 dicitur
678 3428 809 3488 Denter.
831 3428 889 3504 25,
906 3429 966 3490 13:

178 3506 214 3568 N
215 3523 257 3566 on
270 3503 393 3567 nabebis
410 3505 445 3568 in
462 3504 586 3566 soccum
601 3504 724 3566 diverso
734 3505 886 3584 pondera,
899 3527 970 3568 nso-

175 3583 233 3664 jus
246 3591 275 3643 et
285 3584 407 3651 minum·
420 3602 475 3645 nec
487 3583 547 3644 erit
560 3583 596 3644 t'n
608 3581 698 3643 domo
707 3583 892 3646 tndmodine
904 3604 969 3646 mo·

176 3663 234 3742 jor
246 3669 274 3722 et
283 3662 405 3729 minor,-
418 3665 450 3722 et
461 3665 572 3739 postea
586 3660 751 3722 subditur:
762 3661 969 3724 Abominatur

179 3740 262 3800 enim
277 3739 431 3800 Dominus
443 3757 509 3799 eum
519 3738 574 3818 qui
586 3738 663 3818 fecit
679 3737 752 3806 inec,
764 3747 794 3800 et
806 3750 970 3802 consetur

182 3836 299 3878 omnem
317 3817 518 3897 injustitiam.
544 3816 671 3877 Tertius
695 3816 835 3879 delectus
856 3822 904 3879 est
927 3837 969 3880 ex

180 3902 273 3972 parte
287 3896 463 3972 qualitatis,
473 3892 553 3972 puta
565 3895 592 3956 si
602 3895 734 3974 aliquod
747 3895 868 3957 animal
880 3896 969 3957 infir-

184 3991 274 4034 mum
302 3974 418 4036 vendat
441 3973 536 4050 quasi
560 3989 676 4034 sanum
700 3991 708 4032 ι
734 3974 872 4050 quodsi
895 3975 968 4052 quis

184 4051 324 4112 scienter
336 4051 456 4122 lecerit,
470 4049 614 4112 fraudem
630 4051 796 4111 committit
809 4052 844 4112 in
857 4054 971 4115 vendi-

182 4131 286 4201 tione3
295 4131 380 4191 unde
390 4134 438 4190 est
449 4128 559 4192 illicita
568 4127 717 4190 venditio.
728 4129 809 4190 Etin
821 4131 969 4193 omnibus

182 4207 302 4269 talibus
326 4225 390 4268 non
415 4206 519 4267 solium
540 4207 657 4284 aliquis
684 4211 796 4284 peccat
818 4209 969 4287 injustam

181 4286 399 4347 venditionem
412 4284 567 4356 iaciendo,
583 4285 638 4346 sed
657 4288 754 4347 etiam
773 4286 813 4346 ad
833 4287 970 4348 restitu-

181 4365 303 4426 tionem
313 4368 449 4424 tenetur.
463 4363 494 4423 Si
508 4362 596 4434 verd,
609 4379 648 4424 eo
659 4363 839 4443 ignorante,
851 4365 968 4442 aliquis

182 4441 407 4521 predictorum
421 4440 599 4502 delectuum
618 4441 650 4501 in
667 4459 703 4502 re
721 4440 851 4504 venditi
862 4443 968 4516 luerit,

182 4520 330 4583 venditor
341 4518 470 4597 quidem
483 4535 548 4578 non
566 4522 685 4596 peccat,
698 4520 775 4597 quia
791 4520 864 4583 lacit
882 4521 971 4602 inju-

183 4603 270 4660 stum
283 4597 506 4669 materialiter3
521 4613 581 4657 nec
591 4596 661 4675 ejus
670 4598 814 4675 operatio
828 4604 876 4660 est
885 4599 971 4678 inju-

184 4681 246 4751 sta,
257 4681 294 4737 ut
305 4695 346 4738 ex
360 4674 558 4752 supradictis
575 4679 794 4752 patet,quoest.
805 4675 856 4750 to,
866 4681 927 4738 art.
938 4677 969 4737 2.

183 4757 326 4816 Tenetur
343 4759 461 4826 tamen,
473 4752 546 4814 cum
557 4752 598 4815 ad
613 4753 682 4832 ejus
698 4753 842 4815 notitiam
858 4772 972 4833 perve-

184 4835 289 4906 nerit,
312 4832 465 4894 damnum
485 4847 732 4909 recompensare
755 4833 902 4909 emptori.
933 4834 973 4895 nt

183 4910 271 4987 quod
287 4910 406 4973 dictum
421 4913 469 4970 est
483 4908 521 4970 de
535 4908 717 4981 venditore,
734 4910 830 4970 etiam
850 4910 974 4972 intelli-

183 4989 324 5067 gendum
334 4993 528 5065 estexparte
538 4987 700 5065 emptoris.
713 4985 875 5067 Contingit
887 4989 972 5049 enim

182 5066 791 5146 quandoquevenditoremcredererem
800 5084 891 5127 suam
903 5085 974 5128 esse

182 5142 292 5206 minds
305 5144 478 5222 pretiosam
493 5140 650 5221 quantiam
662 5143 701 5205 ad
714 5146 869 5221 speeiem,
890 5145 975 5206 sicut

183 5222 213 5283 si
235 5222 353 5300 aliquis
375 5222 491 5284 vendat
511 5237 628 5282 aurum
650 5221 722 5282 loco
742 5223 929 5297 aurichalci,
943 5228 975 5285 et

184 5307 264 5362 tunc
276 5304 411 5379 emptor,
424 5301 452 5362 si
466 5300 496 5359 id
510 5303 693 5378 cognoscat,
708 5299 826 5379 injuste
839 5302 928 5376 emit,
943 5306 976 5364 et

184 5379 226 5443 ad
239 5379 474 5441 restitutionem
488 5383 625 5442 tenetur.
638 5378 677 5438 Et
696 5379 808 5440 eadem
826 5381 909 5441 ratio
927 5386 975 5442 est

184 5457 226 5518 de
242 5457 365 5519 delectu
376 5455 540 5536 qualitatis
553 5461 585 5516 et
597 5457 798 5534 quantitatis.

228 5536 273 5597 Ad
291 5537 430 5612 primum
444 5550 521 5672 ergo
535 5533 701 5595 dicendum
713 5534 800 5611 qudd
812 5551 928 5602 aurum
944 5543 976 5597 et

187 5622 358 5693 argentum
374 5628 485 5673 nonno
498 5609 661 5674 irmclrara
675 5619 751 5673 sunt
765 5619 895 5691 propter
909 5615 977 5675 uti-

188 5693 310 5754 litatem
326 5707 477 5752 vasorum
491 5707 564 5768 qun
577 5708 618 5753 ex
636 5691 682 5753 eis
697 5692 905 5767 fabricantur,
919 5700 975 5757 aut

1059 2804 1106 2863 lt
1132 2804 1260 2865 tertium
1285 2804 1451 2867 dicendum
1478 2802 1808 2896 qudd,sicut1lugu·

1020 2880 1122 2943 stinus
1136 2881 1222 2955 dicit,
1236 2883 1271 2943 11
1283 2884 1322 2945 de
1334 2884 1425 2945 divit.
1444 2885 1513 2955 Der,
1526 2900 1596 2961 cap.
1610 2882 1657 2955 16,
1670 2885 1808 2961 pretium

1020 2976 1128 3019 rerum
1145 2960 1308 3021 venalium¹
1319 2978 1384 3021 non
1396 2962 1618 3023 consideratur
1631 2958 1807 3022 sccundirm

1018 3037 1154 3174 gradum
1168 3042 1302 3112 naturas,
1314 3034 1386 3100 edm
1401 3039 1595 3132 quandoque
1606 3038 1706 3118 pluris
1719 3056 1807 3101 ven-

1041 3121 1113 3176 atur
1134 3132 1218 3178 unus
1241 3135 1344 3194 equus
1367 3135 1465 3197 quam
1486 3135 1572 3178 unus
1596 3135 1730 3192 servus3
1753 3119 1809 3180 sed

1019 3193 1257 3267 consideratur,
1278 3195 1455 3257 secundum
1476 3195 1562 3274 quot
1580 3214 1631 3257 res
1656 3197 1689 3255 in
1712 3213 1809 3257 usum

1020 3269 1158 3332 hominis
1173 3273 1316 3334 veniunt.
1335 3273 1375 3331 Et
1393 3272 1464 3334 ideo
1487 3290 1552 3332 non
1576 3277 1702 3351 oportet
1722 3273 1808 3350 qudd

1020 3349 1166 3411 venditor
1188 3350 1239 3411 vel
1264 3355 1388 3427 emptor
1411 3356 1583 3486 cognoscat
1598 3350 1740 3412 occultas
1762 3351 1808 3411 rei

1020 3427 1155 3488 venditae
1195 3428 1356 3500 ualitates,
1373 3428 1451 3488 sedi
1467 3429 1513 3488 las
1529 3425 1634 3488 soldm
1651 3445 1709 3504 per
1722 3443 1804 3504 quas

1018 3505 1162 3565 redditur
1208 3505 1334 3566 umanis
1359 3505 1471 3566 usibus
1500 3512 1587 3582 apta,
1616 3503 1695 3582 putri
1723 3504 1809 3581 qudd

1020 3600 1123 3660 equus
1139 3583 1181 3643 sit
1195 3583 1296 3655 tortis,
1308 3587 1340 3644 et
1351 3581 1432 3644 bend
1445 3587 1564 3656 currat,
1574 3589 1605 3644 et
1617 3582 1765 3644 similiter
1775 3583 1809 3644 in

1020 3661 1154 3721 caeteris.
1176 3661 1242 3722 Hae
1264 3665 1371 3722 autem
1389 3661 1560 3738 qualitates
1576 3658 1614 3722 de
1627 3658 1711 3722 iacili
1725 3679 1810 3723 ven-

1020 3737 1104 3799 ditor
1116 3744 1149 3799 et
1160 3743 1284 3817 emptor
1297 3755 1491 3816 cognoscere
1502 3743 1649 3817 possunt.

1020 3816 1201 3876 lancem<
1214 3817 1426 3879 ern—Utrdm
1438 3818 1584 3879 venditor
1597 3824 1740 3880 tenentur
1753 3818 1810 3881 di-

1060 3894 1296 4052 dicerieooftinm
1318 3897 1366 3958 rei
1390 3895 1532 3958 vendite.
1552 3928 1591 3940 -
1611 3895 1747 3976 (Quadi.
1770 3895 1807 3972 2,

1060 3980 1122 4032 nrt.
1182 4017 1189 4032 .
1603 4021 1605 4026 .

1060 4051 1106 4111 ld
1120 4053 1249 4112 tertium
1267 4051 1313 4113 sic
1329 4051 1522 4130 proceditur.
1538 4051 1809 4130 nudeturque

1021 4128 1170 4190 venditor
1182 4147 1246 4190 non
1260 4134 1407 4191 teneatur
1421 4131 1525 4192 dicere
1537 4131 1649 4192 vitium
1665 4131 1712 4190 rei
1729 4149 1807 4192 ven-

1021 4207 1103 4269 ditae.
1116 4207 1195 4269 Cum
1210 4209 1295 4269 enim
1308 4207 1452 4269 venditor
1463 4212 1639 4285 emptorem
1650 4207 1690 4266 ad
1701 4226 1810 4268 emen·

1021 4286 1097 4347 dum
1122 4305 1187 4348 non
1211 4291 1323 4364 cogat,
1348 4284 1474 4348 videtur
1499 4287 1567 4363 ejus
1593 4283 1714 4363 judicio
1742 4303 1810 4344 rem

1021 4383 1119 4442 quam
1129 4364 1236 4425 vendit
1248 4380 1441 4441 supponere..
1458 4363 1517 4423 Sed
1530 4362 1570 4424 ad
1582 4361 1727 4423 eumdem
1738 4380 1811 4438 pcr-

1022 4443 1102 4504 tinet
1112 4441 1265 4521 judicium
1279 4449 1310 4503 et
1324 4441 1463 4520 cognitio
1478 4441 1536 4501 rei.
1552 4441 1620 4502 Non
1631 4457 1707 4520 ergo
1723 4439 1809 4501 vitle-

1022 4528 1076 4581 tur
1096 4519 1318 4598 imputandum
1330 4517 1487 4582 venditori
1506 4520 1532 4580 si
1554 4524 1678 4597 emptor
1695 4518 1728 4579 iu
1748 4536 1809 4580 suo

1020 4597 1139 4678 judicio
1154 4596 1320 4674 decipitur,
1336 4596 1722 4675 precipitanteremendo,
1732 4599 1811 4659 abs-

1021 4693 1085 4768 que
1110 4674 1253 4754 diligenti
1274 4675 1482 4754 inquisitione
1513 4675 1552 4737 de
1572 4675 1809 4739 conditionibus

1022 4771 1082 4816 ret.

1062 4832 1093 4892 2.
1113 4833 1286 4906 Praeterea,
1305 4831 1438 4893 stultum
1453 4831 1579 4895 videtur
1593 4830 1679 4910 qudd
1693 4831 1736 4895 nli
1759 4831 1809 4894 uis

1024 4909 1120 4973 iaciat
1133 4909 1218 4971 unde
1232 4910 1301 4989 ejus
1319 4912 1464 4988 operatio
1482 4910 1683 5006 impediatur.
1703 4850 1763 4972 Sei
1783 4913 1808 4972 si

1025 4989 1142 5066 aliquis
1170 4989 1246 5050 vitia
1267 4988 1313 5048 rei
1336 4988 1508 5052 vendendas
1528 4988 1660 5058 indicet,
1681 4987 1812 5067 impedit

1025 5085 1117 5128 suam
1130 5066 1361 5140 venditionem3
1381 5067 1466 5129 unde
1480 5068 1604 5128 Tullius
1622 5067 1656 5128 in
1672 5067 1728 5126 lib.
1742 5065 1812 5126 3de

1025 5144 1129 5212 offic..
1143 5144 1177 5204 in
1188 5147 1234 5205 tit.
1245 5145 1287 5205 In
1302 5143 1515 5207 contractibus
1527 5143 1813 5223 communibusque

1025 5222 1177 5303 formula.
1200 5227 1275 5296 etc,
1298 5223 1421 5285 inducit
1442 5221 1610 5302 quemdam
1634 5221 1810 5282 dicentem:

1027 5300 1112 5376 Quid
1126 5310 1187 5362 tam
1199 5299 1366 5364 absurdum
1378 5302 1469 5381 qndm
1486 5301 1515 5362 si
1533 5297 1754 5376 dominijnssn
1766 5299 1813 5359 ito

1023 5398 1127 5518 {rece
1145 5378 1317 5458 predicet:
1332 5381 1463 5440 Domum
1480 5377 1672 5456 pestilentem
1691 5376 1813 5437 nendo?

1054 5475 1119 5550 rgo⁸
1134 5457 1280 5520 venditor
1302 5474 1368 5519 non
1389 5462 1515 5518 tenetur
1535 5455 1641 5515 dicere
1666 5453 1741 5515 vitia
1766 5473 1810 5516 ιιι

1012 5537 1277 5688 .νθὲἷ11ξιωιι1ιιιιι,
1288 5612 1389 5693 magis
1401 5611 1616 5674 necessarium
1633 5613 1681 5672 est
1693 5609 1814 5674 homini

1031 5698 1066 5756 ut
1085 5699 1258 5770 cognoscat
1271 5693 1355 5755 viam
1370 5691 1511 5766 virtutis,
1529 5688 1627 5770 qudrn
1641 5697 1678 5753 ut
1694 5707 1816 5771 cogno·
