4067 6175
42 1244 47 1256 ·
143 1209 268 1289 cutiam
281 1206 399 1267 dictum
412 1207 471 1277 est,

142 398 195 461 ses
696 386 830 455 ooasr.
851 386 940 444 nutri.
960 386 1005 443 os
1023 384 1209 444 menotio.
1711 395 1766 451 με

142 508 239 573 estde
253 524 300 575 se,
316 520 382 563 non
404 501 456 563 dat
481 516 682 561 occasionem
699 497 812 570 ruinas,
827 514 927 576 quam
978 496 1118 559 diciturt
1135 498 1263 561 Necesse
1277 504 1320 560 'est
1338 508 1375 560 nt
1387 500 1512 563 vanum
1524 499 1681 570 scandolo.
1699 520 1765 571 nou

143 582 360 663 alterpatitur.
373 580 572 656 Quandoque
584 595 660 657 ergo
674 576 828 667 reintingit
841 575 928 654 qudd
979 579 1030 637 est
1057 576 1298 657 intelligendum
1323 579 1368 645 de,
1390 578 1578 641 necessitate
1603 580 1763 650 emoluit.

143 668 236 729 etiam
259 662 300 723 sit
314 658 411 721 simul
424 657 610 719 scandalum
632 654 771 716 activum
791 672 823 714 m
838 670 926 728 uno,
979 654 1034 714 sed
1053 652 1092 715 de
1113 657 1301 717 necessitate
1320 655 1537 728 conditionali,
1560 654 1626 734 qud
1646 656 1766 721 scilicet

142 751 173 807 et
186 740 349 823 passivum
363 738 396 798 in
411 737 524 807 altero,
536 733 615 812 putd
630 729 702 793 crim
717 733 758 795 ad
771 732 928 793 inductio·
979 748 1110 793 necesse
1133 738 1182 795 est
1204 735 1349 812 praescita
1372 734 1421 795 vel
1437 736 1650 813 praenuntiata
1664 733 1684 798 a
1697 736 1764 799 Deo

143 840 212 885 uem
228 818 327 879 unius
347 816 430 876 alius
448 815 568 892 peceat,
585 811 779 889 quandoque
792 808 928 872 verdest
978 811 1126 884 evenire,
1142 812 1168 873 si
1184 815 1289 873 tamen
1311 813 1505 893 coniunctim
1520 814 1713 950 accipiatur,
1729 820 1765 875 ut

141 896 327 962 scandalum
343 895 482 956 activum
497 893 566 951 sine
587 890 735 967 passivo,
753 887 832 968 putd
853 886 927 950 edm
978 887 1012 948 in
1035 890 1050 949 1
1075 888 1193 951 dicium
1210 896 1268 962 est,
1280 897 1393 968 quest.
1421 890 1469 964 ld,
1485 894 1546 953 art.
1565 892 1580 951 1
1606 892 1667 966 ‚ad
1681 890 1712 965 2,
1733 898 1765 954 et

141 975 257 1055 aliquis
284 970 406 1033 inducit
430 971 546 1043 verbo,
571 968 622 1030 vel
650 965 733 1029 lacto
759 966 858 1028 alium
886 966 927 1028 ad
978 983 1033 1043 qu.
1049 966 1100 1041 23,
1122 972 1182 1031 art.
1198 968 1229 1041 o,
1247 970 1286 1030 ad
1306 968 1336 1028 2.
1351 970 1406 1031 Vel
1424 986 1553 1031 necesse
1567 974 1615 1031 est
1635 971 1766 1031 evenire

142 1051 347 1133 peccandum,
358 1058 390 1110 et
401 1048 455 1109 ille
468 1063 534 1107 nou
545 1044 702 1107 consentit
713 1065 721 1118 ;
733 1044 927 1125 quandoque
978 1046 1128 1107 scandala
1144 1047 1332 1108 necessitate
1346 1047 1429 1121 linis,
1445 1048 1521 1126 quia
1536 1048 1626 1109 utilia
1640 1050 1763 1111 suntad

144 1132 215 1195 verd
226 1134 273 1192 est
287 1126 474 1190 scandalum
485 1124 730 1263 passivumsine
744 1122 862 1197 activo,
879 1124 928 1185 si·
976 1122 1039 1184 hoo
1052 1124 1156 1203 utqui
1169 1124 1297 1203 probati
1321 1134 1404 1195 suot,
1427 1126 1584 1207 manifesti
1589 1128 1690 1264 ⁴piasset.
1704 1126 1763 1189 Vel

507 1201 537 1264 lc
551 1217 661 1281 supra.
978 1215 1110 1263 necesse
1123 1208 1170 1263 est
1185 1203 1313 1265 evenire
1325 1204 1475 1265 seandala
1490 1221 1588 1267 secun
1610 1202 1665 1265 tim
1679 1222 1765 1266 con-

182 1287 227 1348 nd
240 1286 389 1365 quintum
402 1281 570 1343 dicendum
589 1278 674 1357 qudd
689 1278 855 1360 infimitas
868 1295 930 1337 nn·
976 1278 1129 1341 ditionem
1155 1280 1331 1353 hominum,
1355 1283 1411 1373 qui
1424 1282 1483 1345 sibi
1504 1281 1524 1345 d
1539 1283 1675 1359 peccatis
1698 1300 1763 1345 uon

145 1358 525 1455 minatpromptitudinem
534 1358 573 1420 ad
583 1356 925 1437 scandalumwffeesio
977 1362 1110 1429 cavent,
1133 1358 1216 1419 sicut
1231 1362 1258 1419 si
1277 1360 1394 1437 aliquis
1408 1362 1549 1422 medicus
1570 1360 1680 1424 videns
1699 1363 1764 1425 ali—-

147 1448 249 1504 autem
264 1443 408 1502 nominat
425 1437 675 1517 indignationem
690 1434 826 1514 alicujus
842 1451 927 1495 eon·
976 1450 1058 1511 quos
1074 1434 1214 1498 indebita
1227 1437 1319 1500 dieta
1335 1443 1470 1511 utentes,
1490 1438 1574 1499 dicat
1596 1458 1604 1499 r
1627 1440 1764 1502 Necesse

149 1526 197 1584 tra
210 1539 281 1583 eum
294 1518 481 1596 quipeccat,
498 1531 570 1594 quse
582 1518 768 1593 potestesse
781 1512 927 1591 quando·
976 1518 1024 1573 est
1051 1515 1130 1575 tales
1159 1515 1325 1588 intirmari,
1347 1517 1433 1595 quod
1455 1517 1695 1595 intelligendum
1716 1523 1766 1579 est

149 1616 209 1678 que
226 1594 419 1667 sineruind3
441 1591 622 1654 scandalum
643 1596 752 1653 autem
774 1592 926 1670 importat
978 1593 1039 1651 sut>
1061 1591 1121 1653 nae
1141 1593 1333 1666 conditione,
1356 1594 1383 1655 si
1404 1595 1528 1655 diaetnm
1543 1590 1608 1656 ud'n
1626 1598 1760 1658 mutent.

150 1678 243 1751 ipsam
255 1672 478 1752 impactionem
490 1670 529 1733 ad
544 1670 681 1731 ruinam.
974 1668 1015 1729 Et
1029 1670 1174 1731 similiter
1192 1688 1323 1733 necesse
1342 1679 1391 1734 est
1405 1674 1533 1733 evenire
1556 1674 1719 1747 scandala,
1734 1676 1761 1735 si

148 1796 317 1855 demensus
334 1808 370 1851 n.
387 1823 427 1835 -
443 1786 556 1852 tltntm
570 1787 925 1868 seamdesmsitpecco-
975 1747 1121 1887 mim
1149 1751 1425 1811 ⁰⁰¹¹V⁰P⁸³²¹⁰¹¹⁶ffl
1453 1752 1570 1815 malam
1598 1768 1663 1813 ¹¹0ss
1688 1769 1766 1813 mll-

181 1884 296 2009 jes-
312 1867 355 1949 (ἦν
370 1868 446 1930 dm·
459 1866 627 1946 ³⁸⁷q¹⁴ae⁸‘·
642 1865 677 1935 2⁹
692 1873 756 1926 “r“
771 1867 800 1936 ¹’
814 1873 920 1946 quw·
1014 1905 1061 1964 Ad
1081 1904 1258 1967 secundum
1279 1905 1446 1967 dicendum
1465 1906 1551 1983 qudd
1572 1904 1762 1969 scandalum

201 1957 248 2020 ,et
261 1955 323 2011 ort.
338 1947 427 2027 l,qtt.
443 1947 473 2019 1,
485 1963 584 2024 corp..
594 1952 622 2005 et
636 1942 782 2016 domii,
794 1944 864 2005 lect.
877 1944 922 2025 2.)
975 1982 1018 2042 ihi
1034 1980 1122 2061 large
1141 1984 1272 2061 ponitur
1286 2001 1345 2061 pro
1361 1985 1504 2061 quolibet
1524 1984 1761 2062 impedimento.

179 2048 224 2109 Ad
247 2047 422 2110 secundum
452 2048 499 2107 ⁸¹⁰
518 2045 703 2137 diffiditur
730 2045 759 2103 1·
789 2044 924 2105 Videtur
974 2059 1110 2123 Volebat
1129 2062 1213 2121 euim
1232 2063 1344 2123 Petrus
1359 2062 1474 2122 Christi
1498 2064 1680 2140 passionem
1698 2064 1765 2123 im-

149 2126 222 2218 ludd
239 2125 425 2217 scandalum
445 2140 512 2183 ¹¹⁰ss
534 2128 575 2183 ⁸¹¹
592 2126 768 2213 Ρθὲθᾶῑιιω·
784 2122 924 2215 ,Ρθθθὸῑὸ
974 2139 1083 2215 pedire
1097 2139 1235 2215 quodam
1250 2139 1377 2216 pietatis
1392 2140 1508 2201 alieetu
1521 2141 1562 2202 ad
1576 2140 1748 2201 Christum.

139 2222 223 2264 emm
235 2222 300 2266 non
312 2207 515 2265 eveniuntex
526 2203 726 2291 necessitate,
737 2215 815 2276 qma
829 2216 925 2291 omne
1015 2216 1061 2275 Ad
1088 2216 1215 2275 spretum
1230 2216 1398 2277 dicendum
1413 2218 1498 2295 qued
1517 2218 1624 2279 „unus
1640 2218 1764 2296 impin-

138 2288 301 2359 dessfflmm
313 2284 362 2342 0⁸1
377 2279 608 2350 V⁰l¹¹⁰i³i¹1¹m2
624 2281 767 2352 ¹¹l⁸¹1l>ra
780 2276 924 2337 biblium
975 2292 1022 2369 git
1036 2293 1262 2369 spiritualiter,
1277 2294 1337 2355 uisi
1356 2295 1534 2355 retardetur
1547 2296 1731 2374 aliqualiter
1743 2298 1765 2359 d

138 2364 196 2431 est,
205 2361 276 2451 '1-2,
289 2362 403 2438 quest.
417 2355 469 2430 il,
484 2360 546 2417 orl·
558 2354 658 2415 1012·
672 2354 733 2413 Sed
744 2354 857 2414 Μὸῑῑῑι·
873 2352 923 2428 18,
974 2387 1128 2447 processu
1144 2371 1176 2431 iu
1192 2370 1244 2433 vid
1258 2372 1334 2446 llei;
1350 2371 1435 2451 quod
1450 2372 1484 2433 lit
1499 2374 1612 2437 saltem
1622 2390 1682 2452 per
1690 2392 1765 2453 pec·

140 2437 167 2507 l,
182 2439 300 2498 dieitur
316 2456 324 2494 r
342 2435 471 2497 Necesse
493 2440 537 2491 est
559 2440 596 2492 ot
615 2438 743 2493 sentent
762 2432 922 2493 scandolo.
975 2452 1082 2509 casum
1096 2450 1232 2512 veniale,

135 2515 223 2651 ⁸¹3⁰
235 2512 422 2575 scandalum
435 2526 500 2572 non
517 2516 566 2571 est
578 2512 755 2588 peccatum.

229 2593 396 2661 mma,
415 2588 539 2650 „upum
550 2593 716 2667 peccatum
725 2587 870 2665 procedit
882 2604 924 2649 ,χ
976 2569 1154 2629 laniamus
1166 2586 1213 2630 ιιι.
1225 2568 1380 2662 —lltnirn
1390 2569 1571 2633 scandulum
1580 2570 1621 2632 sit
1632 2570 1766 2653 speciale

136 2669 265 2747 pietatis
281 2667 418 2741 allecta,
433 2668 510 2744 quia
524 2684 589 2726 noe
599 2672 704 2745 potest
725 2664 821 2726 ordor
843 2665 926 2727 dono
1014 2655 1183 2725 demtum·
1203 2682 1241 2691 ··
1262 2646 1305 2729 (l,
1322 2648 1396 2709 dm·
1413 2648 1464 2721 38,
1484 2656 1590 2729 lumi·
1608 2649 1639 2725 2,
1655 2660 1716 2713 m·
1729 2652 1762 2729 2,

149 2756 260 2809 rectas
274 2746 373 2808 mulos
386 2746 498 2825 secere,
515 2748 553 2805 ut
565 2744 683 2804 dieitur
695 2742 808 2805 ldattlr.
825 2743 857 2819 7,
873 2742 923 2805 18.
1013 2732 1121 2805 lull-³²·
1133 2724 1163 2798 2,
1180 2733 1207 2787 ’ἶ
1220 2735 1325 2806 lwli·
1341 2726 1372 2801 3»
1387 2727 1488 2807 ⁶⁰sl’·)

176 2824 336 2903 daliqnod
346 2823 533 2885 scandalum
545 2827 594 2883 est
602 2822 779 2899 expietatis
787 2820 922 2885 allecto:
1014 2822 1202 2885 adientium
1215 2824 1262 2885 sic
1275 2823 1470 2917 proceditur.
1487 2826 1516 2886 1.
1529 2823 1664 2887 Videtur
1676 2826 1763 2905 qudd

134 2902 211 2964 dicit
235 2904 321 2965 enim
348 2901 504 2963 Dominus
533 2902 625 2961 Petro
646 2899 922 2974 Mntm.1o,aa=
975 2900 1161 2963 scandalum
1177 2918 1242 2962 non
1256 2906 1298 2963 sit
1311 2901 1449 2981 speciale
1463 2908 1641 2981 peccatum.
1656 2902 1763 2967 Scau-

133 2980 324 3043 semustum
346 2978 424 3041 milti
450 2998 481 3040 ea
493 2997 503 3046 ‚·
529 2978 584 3039 ubi
612 2978 687 3039 dicit
707 2978 923 3058 Hieronymus
975 2979 1084 3042 dalum
1098 2980 1183 3041 enim
1198 2985 1246 3041 est
1259 2980 1376 3044 dictum
1394 2981 1442 3042 oet
1453 2982 1570 3061 sectum
1586 2980 1690 3044 minda
1707 2999 1765 3043 re·-

24 3124 29 3135 ,
132 3059 220 3138 qudd
232 3055 922 3148 errorApostolidepietotisoffectuceoieos,
976 3065 1070 3120 etum.
1103 3056 1162 3120 Sed
1185 3076 1280 3120 omne
1304 3064 1471 3138 peccatum
1495 3063 1543 3124 est
1567 3060 1762 3142 hujusmodi.

132 3135 925 3220 oonqndsniec'eotieomotdeteressediodolidirgo
974 3137 1060 3216 Ergo
1086 3154 1181 3200 omne
1206 3144 1371 3216 peecatum
1398 3143 1446 3200 est
1470 3138 1667 3202 scandalum.
1692 3139 1763 3204 Nou

136 3233 201 3279 non
214 3233 313 3278 omne
327 3215 514 3277 scandalum
528 3218 577 3275 est
589 3218 766 3292 peccatum.
975 3233 1011 3277 er
1033 3232 1053 3276 o
1066 3216 1251 3278 scandalum
1266 3221 1315 3278 est
1325 3216 1463 3294 speciata
1476 3223 1655 3294 peccatum.

170 3295 201 3356 3.
210 3293 576 3368 Praeterea,scandalum
586 3293 926 3370 impactionemquam·
1012 3235 1044 3352 ᾗ.
1058 3295 1226 3366 Preteroa,
1238 3310 1334 3358 omne
1348 3293 1486 3372 speciale
1502 3302 1677 3373 peceatum,
1692 3297 1763 3360 sire

132 3371 204 3435 dam
220 3374 264 3434 im
288 3375 382 3434 ortat.
398 3371 457 3434 Sed
470 3387 537 3431 non
551 3371 748 3449 quicumque
760 3371 920 3450 impingit,
974 3371 1411 3452 omnisspecialisinjustitia,
1421 3373 1764 3451 inveniturseparatim

131 3452 228 3513 cadit.
279 3466 338 3530 rgo
351 3450 555 3520 scandalum,
577 3448 663 3526 quod
676 3455 725 3510 est
744 3449 921 3526 spiritualis
973 3452 1015 3511 ab
1030 3450 1113 3524 aliis,
1134 3455 1170 3511 ut
1185 3451 1300 3512 dicitur
1318 3451 1350 3511 in
1371 3449 1391 3510 5
1409 3449 1526 3524 lithle,
1547 3466 1618 3528 cap.
1637 3449 1657 3510 3
1678 3455 1710 3514 el
1729 3452 1760 3513 t.

132 3546 242 3602 casus,
256 3528 526 3608 potestessesine
581 3531 682 3588 ccalo.
974 3527 1034 3589 Sed
1048 3527 1234 3590 scandalum
1258 3545 1322 3588 non
1343 3528 1506 3589 invenitur
1525 3529 1698 3606 separatim
1720 3532 1766 3592 ab

171 3609 235 3670 Sed
255 3614 367 3670 contra
391 3610 441 3668 est
468 3623 513 3684 qu
584 3605 771 3666 scandalum
798 3608 845 3666 est
870 3605 923 3666 di·
973 3606 1046 3668 aliis
1061 3607 1210 3684 peccatis.
1226 3607 1310 3686 Ergo
1327 3604 1513 3668 scandalum
1529 3623 1595 3666 nou
1618 3611 1667 3668 est
1686 3625 1764 3687 spe-

134 3693 237 3755 ctum,
255 3685 303 3748 ecl
325 3687 443 3766 [actem
453 3681 559 3745 minda
572 3692 702 3744 rectum.
717 3682 766 3741 Ex
781 3683 841 3744 lroe
855 3699 922 3743 au-
974 3683 1055 3746 ciale
1070 3688 1247 3761 peccatum.

133 3769 195 3825 tem
211 3766 311 3826 lrabet
324 3762 445 3841 aliquid
467 3762 625 3822 rationem
645 3761 786 3838 peccati,
801 3759 922 3838 quddd
1013 3761 1044 3821 3.
1061 3764 1229 3834 Praeterea,
1241 3779 1335 3824 omne
1347 3759 1486 3838 speciale
1501 3767 1668 3840 peccatum
1680 3781 1765 3827 cou-

133 3843 325 3904 reetitudine
344 3839 459 3901 delicit.
484 3839 569 3918 Ergo
591 3836 778 3900 scandalum
797 3856 924 3918 semper
974 3840 1119 3904 stituitur
1133 3841 1305 3902 secundum
1323 3839 1442 3918 aliquid
1456 3840 1542 3917 quod
1556 3840 1611 3903 dat
1623 3843 1762 3920 speciem

133 3924 182 3980 est
194 3939 271 3983 eum
286 3925 427 3998 peceato.
974 3918 1089 3981 morali
1109 3919 1206 3982 actui.
1227 3918 1288 3980 Sed
1306 3918 1388 3981 ratio
1402 3917 1545 3982 scandali
1558 3921 1766 3984 constituitur

171 3998 362 4077 ltespondeo
377 3997 546 4058 dicendum
563 3994 660 4073 quod,
684 3995 767 4056 sicut
780 3994 847 4074 jam
860 4013 923 4057 su·
973 4016 1032 4075 per
1046 3997 1107 4058 hoc
1118 3996 1203 4075 qudd
1216 4013 1324 4060 coram
1339 3997 1410 4060 aliis
1424 4002 1596 4089 peccatum
1613 3999 1646 4060 in
1659 4001 1763 4063 mani·

133 4076 326 4152 pradictum
343 4080 411 4145 est,
427 4079 488 4136 art.
503 4091 620 4152 praee,
635 4072 721 4147 adi,
736 4074 855 4151 duplex
875 4082 923 4138 est
975 4077 1055 4137 lesto
1078 4080 1185 4137 autem
1206 4091 1350 4154 peccare,
1377 4081 1436 4136 etsr
1457 4075 1498 4136 sit
1522 4078 1762 4144 circumstantia

133 4155 333 4227 scandalum,
348 4154 468 4216 scilieet
482 4153 646 4231 passivum
661 4153 694 4212 in
708 4169 748 4212 eo
761 4152 816 4229 qui
830 4169 922 4213 soan·
973 4171 1168 4234 aggravans,
1194 4173 1258 4214 non
1281 4154 1407 4214 videtur
1424 4153 1618 4218 coristituere
1640 4157 1764 4232 peccati

132 4232 305 4305 dalinatur,
326 4236 357 4292 et
378 4233 518 4294 activum
537 4231 570 4290 in
589 4247 628 4291 eo
642 4232 698 4307 qui
713 4230 920 4304 scandalizat,
973 4233 1123 4310 speciem.
1152 4233 1237 4312 Ergo
1259 4231 1446 4294 scandalum
1467 4249 1532 4292 nou
1554 4239 1602 4294 est
1624 4233 1763 4311 speciale

132 4309 213 4374 daus
241 4310 443 4373 occasionem
477 4310 589 4371 ruine.
623 4308 816 4370 Scandalum
845 4327 922 4388 ergo
973 4315 1150 4389 peccatum.

133 4390 301 4465 passivum
326 4405 453 4466 semper
479 4391 529 4449 εει
553 4391 719 4466 peccatum
745 4387 779 4447 in
806 4388 921 4466 coqui
1012 4387 1071 4451 Sed
1089 4394 1213 4458 contra,
1224 4387 1355 4466 speciali
1373 4387 1484 4448 virtuti
1498 4388 1636 4464 speciale
1652 4405 1765 4466 pecca·
1890 4423 1901 4442 ι

133 4469 390 4537 scandalizatum
406 4466 572 4526 nonenim
591 4465 843 4536 scandalizatur,
860 4466 921 4526 nisi
973 4472 1042 4528 tum
1064 4467 1250 4546 opponitur.
1282 4463 1341 4526 Sed
1373 4465 1560 4526 scandalum
1588 4467 1765 4545 opponitur

133 4545 166 4606 iu
179 4551 340 4624 quantum
354 4544 539 4622 aliqualiter
552 4544 617 4604 ruit
630 4543 789 4622 spirituali
803 4543 920 4616 ruint,
973 4546 1106 4622 speciali
1139 4545 1268 4616 virtuti,
1303 4543 1423 4604 scilicet
1448 4543 1616 4618 charitati;
1645 4544 1764 4608 dicitur

132 4639 206 4758 quas
221 4630 271 4686 est
292 4627 470 4716 peceatum
491 4623 598 4684 Potest
614 4627 722 4710 tauma
736 4638 807 4683 esse
821 4639 922 4713 scau·
973 4623 1058 4684 enim
1074 4624 1167 4714 Rom,
1185 4621 1242 4693 1t,
1258 4619 1297 4682 15
1310 4641 1319 4711 ³.
1334 4621 1371 4684 Si
1387 4629 1521 4700 propter
1541 4609 1642 4685 cilum
1660 4625 1762 4717 frater

133 4703 921 4858 itarital'rasttltffittdttatttt
973 4699 1764 4859 tttttfttll‘atttattattilii,illita

133 4859 371 4925 scandalizatur
382 4857 424 4918 de
436 4856 486 4916 liis
501 4872 574 4932 ques
586 4856 670 4917 alius
686 4854 767 4916 bend
781 4855 866 4917 iacit
972 4861 1150 4936 peecatum.

171 4937 324 4998 Similiter
335 4937 430 4998 etiam
444 4934 630 4996 scandalum
642 4934 782 4994 activum
794 4951 922 5012 semper
1011 4935 1199 5014 despondeo
1223 4934 1391 4996 dicendum
1421 4933 1525 5014 qudd,
1552 4935 1636 4998 sicut
1662 4955 1761 5015 supra

133 5020 181 5075 est
194 5025 361 5094 peecatum
375 5015 409 5074 in
425 5029 465 5074 eo
478 5013 534 5090 qui
550 5011 756 5081 scandalizat,
774 5013 852 5089 qnia
870 5014 920 5074 rel
972 5013 1165 5086 dictumest,
1180 5018 1241 5076 art.
1255 5030 1364 5091 praec,
1374 5013 1493 5090 duplex
1504 5020 1552 5075 est
1561 5014 1759 5091 scandalum,

132 5091 238 5168 ipsum
261 5110 343 5172 opus
367 5090 453 5170 quod
480 5091 566 5162 lacit,
593 5096 642 5151 est
663 5095 846 5168 peccatums
870 5092 921 5153 vel
972 5093 1113 5154 activum
1127 5091 1248 5154 scilicet
1265 5097 1297 5152 et
1311 5091 1485 5170 passivum.
1500 5093 1667 5154 Passirum
1681 5097 1762 5173 qui-

133 5171 229 5232 etiam
250 5173 277 5232 si
302 5171 419 5233 habeat
436 5169 574 5248 speciem
594 5170 729 5247 peceati,
752 5168 921 5230 dimitteu-
971 5171 1043 5232 dem
1057 5171 1245 5233 scandalum
1259 5185 1324 5231 non
1338 5175 1521 5248 potestesse
1536 5171 1674 5248 speciale
1688 5191 1761 5251 pec·

132 5247 208 5310 dum
222 5255 272 5311 est
283 5266 410 5329 semper
423 5248 704 5326 propterproximi
719 5247 918 5321 charitatem,
972 5256 1099 5322 catum,
1116 5249 1194 5328 quia
1208 5267 1251 5310 ex
1270 5249 1354 5310 dicto
1375 5249 1426 5310 vel
1447 5248 1530 5310 laeto
1548 5250 1681 5311 alterius
1697 5251 1761 5314 ali-

132 5343 174 5386 ex
194 5327 260 5405 qud
278 5327 504 5405 unusquisque
524 5331 650 5388 tenetur
663 5325 758 5387 saluti
781 5328 919 5404 proximi
972 5347 1069 5406 quem
1091 5346 1187 5390 ruere
1209 5327 1365 5407 contingit
1381 5327 1557 5390 secundum
1580 5326 1762 5405 quodcum-

132 5406 400 5547 {alatari
415 5404 540 5545 leti
561 5405 921 5547 tantillitati?
972 5405 1695 5562 ttantillitatisaltatimtitt
1708 5410 1761 5545 til

132 5501 727 5640 lamactirumgsinepeccatoalterius
745 5563 802 5640 qui
823 5509 937 5624 scatu-K
973 5563 1056 5625 lacto
1082 5562 1227 5636 alterius,
1255 5561 1427 5640 specialem
1456 5561 1614 5624 rationem
1636 5562 1760 5639 peccati

132 5636 301 5716 deliratur,
316 5643 400 5702 sicut
412 5656 511 5719 supra
523 5639 643 5703 dictum
657 5644 717 5716 ost,
732 5645 793 5704 art.
809 5657 914 5718 precs
973 5642 1159 5714 constituit,
1177 5639 1254 5719 quia
1269 5657 1334 5701 non
1347 5640 1497 5718 importat
1510 5639 1682 5718 specialem
1694 5641 1761 5704 de·-

133 5715 172 5775 ad
186 5714 216 5778 ι.
977 5719 1172 5782 tormitatem
1186 5717 1316 5797 speciali
1332 5718 1439 5782 virtuti
1454 5717 1643 5796 oppositam.

172 5795 220 5857 ad
233 5795 374 5878 primum
387 5813 466 5878 erpo
481 5795 920 5880 dicendumquddlroequod
1012 5797 1204 5862 scandalum
1228 5801 1336 5860 autem
1364 5795 1506 5859 activum
1528 5799 1632 5876 potest
1656 5798 1761 5876 accipi
