4067 6175
164 314 221 373 ὤ
647 301 785 378 fflAEST.
805 307 901 365 ull.
921 305 968 365 1)ss
984 304 1113 363 ututur.
1131 300 1348 361 enuntians.
1756 304 1812 367 ξω

163 442 266 507 gens,
282 438 412 487 neeesse
422 424 472 487 cst
506 418 763 485 uddsecunddm
776 420 968 501 pmpinqul·
1020 413 1490 491 manicationelieatitudinli,
1517 416 1681 495 adquam
1707 421 1810 503 magii

164 510 272 566 tatem
288 502 443 583 majorem
528 499 666 563 alterum
681 499 820 563 istorum
839 498 969 579 princi·
1045 495 1183 558 ertiuent
1193 495 1342 557 meliores
1350 493 1451 574 qudm
1461 494 1809 576 nubiscoujunctiorcs.

165 582 305 675 piorum
325 580 432 661 major
456 582 500 643 ut
521 578 700 642 dilectionis
715 577 862 641 altectus.
878 576 968 671 Sicut
1018 514 1064 635 ir
1085 591 1105 667 o
1126 590 1168 635 ex
1186 573 1342 637 charitate
1366 574 1481 667 magis·
1498 572 1650 668 debemus
1677 576 1810 658 diligere

165 676 392 803 §attuli
406 655 531 817 ,ltu
548 655 818 816 uastati.
861 672 968 815 ”tull
1020 650 1737 825 ”⁰tittitttltluttttt'tziu..
1766 733 1809 808 s,

165 818 308 895 cipinm,
321 816 402 881 ordo
413 816 588 880 attenditur
600 812 779 879 secundum
799 829 968 894 compara·
1020 809 1040 871 8
1054 830 1061 871 ι
1075 810 1112 873 Si
1130 810 1200 891 quii
1217 826 1355 877 morum,
1371 818 1398 871 st
1412 808 1810 881 mnmmddomcrticoruui.

166 898 298 957 tionem
311 897 352 959 ad
364 895 443 957 iliud
459 895 668 975 principium.
1020 906 1125 952 curum
1137 906 1204 949 unu
1215 887 1322 956 iudet,
1338 888 1428 969 fideii
1438 888 1615 968 muscitet
1633 898 1676 951 est
1689 890 1811 973 infideli

207 974 262 1035 Ad
277 975 419 1052 primum
434 992 512 1055 crgo
533 971 702 1036 dicendum
728 970 816 1052 qudd
838 970 967 1034 dilectio
1021 967 1172 1029 deterior.
1196 966 1256 1029 Sed
1274 966 1408 1030 interior
1424 966 1590 1031 charitatis
1604 967 1731 1031 allectio
1747 970 1810 1032 de·-

165 1056 280 1133 potest
300 1071 372 1116 esse
399 1052 569 1132 inaequalis
590 1050 760 1130 dupliciter
771 1070 779 1111 ε
791 1069 859 1114 nuo
872 1049 968 1115 modo
1020 1048 1074 1109 bet
1088 1046 1284 1125 respondere
1298 1045 1452 1107 exteriori
1469 1044 1609 1107 affectui.
1626 1046 1710 1129 Ergo
1725 1050 1810 1111 clia·-

167 1150 211 1193 ex
229 1135 327 1211 parte
339 1132 410 1213 ejus
427 1132 503 1195 boui
517 1130 604 1211 quod
620 1130 726 1193 amico
740 1134 907 1210 optamus3
936 1133 968 1192 et
1020 1126 1099 1187 ritas
1123 1126 1225 1205 magis
1246 1123 1339 1187 debet
1363 1124 1476 1187 haberi
1497 1124 1537 1187 ad
1558 1127 1808 1207 propinquiores

165 1206 334 1291 quantiim
347 1211 389 1275 ad
406 1209 469 1273 tioc
486 1227 599 1273 omnes
613 1208 761 1271 homines
785 1207 877 1287 reque
888 1208 968 1270 diti·
1020 1202 1119 1283 qudm
1131 1202 1171 1265 ad
1183 1202 1345 1265 meliores.

166 1289 279 1370 gimus
294 1307 336 1351 ex
351 1288 528 1363 charitate,
543 1288 623 1367 quia
647 1288 797 1350 omnibus
815 1292 966 1365 optamus
1059 1281 1249 1361 Respondes
1270 1280 1440 1373 dicendum
1464 1280 1550 1360 qudd
1578 1284 1684 1347 omnis
1716 1290 1809 1348 actus

165 1370 295 1430 bonum
306 1367 390 1431 idem
405 1368 439 1429 iu
451 1385 581 1448 genere,
598 1367 720 1429 scilicet
736 1366 966 1429 beatitudinem
1018 1365 1146 1441 oportet
1193 1359 1257 1423 udd
1285 1365 1549 1453 proportionetur
1574 1365 1606 1425 et
1628 1363 1753 1443 objecto
1777 1370 1808 1426 el

165 1454 340 1509 aeternam.
367 1446 552 1509 utromodo
577 1445 694 1507 dicitur
712 1446 817 1526 major
838 1444 967 1507 dilectio
1018 1440 1138 1533 agenti.
1170 1379 1230 1502 iad
1249 1458 1291 1501 ex
1315 1440 1441 1519 objecto
1459 1438 1556 1502 hahet
1577 1442 1738 1580 speciem,
1766 1460 1810 1503 ex

165 1530 308 1605 propter
324 1526 532 1593 intensiorem
543 1530 649 1588 actum
661 1524 861 1599 dilectionis;
875 1528 907 1585 et
920 1524 968 1585 sic
1018 1522 1138 1581 virtute
1158 1517 1405 1599 autemagcutis
1424 1518 1520 1583 habet
1533 1536 1585 1580 mo
1609 1537 1662 1581 nm
1677 1521 1720 1613 (t)
1739 1538 1808 1583 siim

40 1621 41 1626 ¹
166 1621 236 1666 non
253 1608 384 1683 oportet
400 1622 513 1667 omnes
526 1602 618 1683 mque
633 1602 777 1696 diligere.
1017 1596 1232 1673 intensionis;
1252 1596 1335 1659 sicut
1353 1599 1458 1659 motus
1482 1596 1579 1659 nabet
1602 1616 1740 1691 speciem
1765 1618 1807 1661 er

206 1683 274 1745 Vel
286 1684 382 1747 aliter
392 1682 562 1745 dicendum
576 1681 664 1762 qudd
677 1682 805 1745 dilectio
819 1682 967 1759 inmqna-
1018 1676 1159 1739 termino
1172 1676 1212 1739 ad
1231 1692 1329 1755 quem
1343 1680 1411 1745 est,
1434 1676 1490 1738 sed
1516 1676 1731 1739 intensionem
1745 1696 1808 1741 ve-

165 1762 245 1825 liter
258 1766 366 1841 potest
378 1762 419 1826 ad
433 1762 561 1842 aliquos
574 1760 685 1825 haberi
698 1760 887 1840 dupliciter:
899 1777 966 1821 uno
1018 1754 1158 1817 loeilatis
1181 1755 1278 1817 habet
1294 1771 1335 1815 en
1361 1754 1572 1833 dispositione
1597 1756 1747 1832 mobilis,
1775 1762 1807 1819 el

165 1840 269 1902 modo
283 1859 377 1905 exeo
397 1838 483 1921 qnod
497 1840 629 1920 quidam
642 1839 831 1920 diliguntur,
857 1844 888 1901 et
909 1838 965 1900 alii
1017 1834 1138 1896 virtute
1155 1833 1325 1895 moventis.
1349 1832 1400 1895 Sic
1414 1850 1492 1913 ergo
1515 1833 1643 1897 dilectio
1666 1836 1806 1915 speciem

167 1937 238 1981 nun
264 1919 444 2001 diliguntur
472 1919 553 2001 (1),
579 1924 612 1983 et
644 1919 730 1982 hanc
755 1919 788 1979 in
840 1918 966 1981 ualita-
1018 1912 1170 1975 liabetcx
1186 1912 1322 1992 objecto,
1341 1910 1396 1973 sed
1418 1910 1635 1975 intensionem
1649 1913 1747 1979 habet
1765 1930 1806 1977 er

167 2004 234 2061 tem
268 2003 395 2081 oportet
423 1998 608 2062 servarein
634 1936 865 2072 lieneliocniii,
887 1997 967 2077 quia
1016 1991 1226 2082 parteuipsins
1242 1990 1416 2071 diligentis.
1471 2067 1480 2085 .
1530 2068 1537 2085 ι
1648 2072 1654 2085 Ι
1723 2072 1729 2087 .
1779 2072 1786 2087 .

166 2094 235 2141 nou
294 2078 587 2143 ssnmusomnibus
601 2076 769 2157 prodesse3
785 2076 840 2139 sed
854 2076 888 2138 iu
912 2077 966 2139 li'e-
1058 2068 1226 2150 OliJeetum
1255 2075 1363 2134 antem
1390 2068 1590 2134 charitativo
1624 2070 1806 2135 dilectionis

167 2173 256 2219 nevo
269 2155 357 2221 eutii
375 2156 553 2220 dilectionis
579 2156 652 2219 talis
681 2156 883 2235 inequalitas
900 2154 966 2218 ha·-
1017 2147 1104 2211 Deus
1119 2153 1185 2223 est;
1202 2148 1298 2209 homo
1312 2152 1421 2211 autem
1434 2148 1570 2230 diligens
1587 2155 1647 2211 est.
1663 2151 1807 2213 Diversi-

168 2235 240 2297 iieri
275 2254 343 2298 non
363 2233 468 2299 debet.
490 2236 563 2300 Alia
583 2236 660 2298 varo
684 2240 733 2298 est
761 2234 964 2313 inequalitas
1017 2232 1067 2289 tas
1082 2245 1160 2309 ergo
1179 2225 1357 2289 dilectionis
1375 2242 1447 2304 quie
1461 2234 1510 2289 cst
1531 2226 1706 2291 socundiim
1723 2229 1808 2290 cha«

39 2378 44 2400 ‚
167 2313 354 2379 dilectionis
375 2332 418 2379 ex
441 2316 503 2377 lioc
529 2312 772 2394 quodquidam
797 2314 870 2391 plus
892 2312 965 2377 aliis
1017 2306 1165 2378 ritatem.
1187 2302 1346 2384 quunldm
1371 2304 1411 2366 ud
1438 2304 1596 2383 speciem,
1620 2312 1669 2368 est
1696 2309 1807 2369 attcu-

167 2392 224 2455 dtli
274 2399 362 2457 ntur.
397 2394 598 2476 Augustinus
644 2408 723 2473 ergo
756 2409 823 2455 nou
853 2392 967 2453 luten·
1016 2384 1121 2449 denda
1133 2382 1167 2446 tn
1182 2382 1339 2462 proximis
1359 2380 1527 2463 diligendis
1540 2383 1716 2447 secundum
1727 2403 1807 2449 cem·

167 2471 214 2534 dit
257 2490 320 2537 ane
333 2472 506 2536 excludere
528 2470 793 2552 inequalitatem,
815 2470 871 2533 sed
892 2470 966 2551 pri-
1040 2464 1218 2526 arationem
1241 2462 1280 2525 ud
1295 2462 1413 2534 Deum,
1433 2466 1470 2523 ut
1483 2462 1604 2525 scilicet
1623 2463 1653 2526 ci
1678 2464 1735 2543 qui
1759 2470 1807 2527 cst

167 2568 276 2645 mum,
296 2556 334 2614 nt
357 2556 445 2633 patet
466 2570 510 2615 ex
525 2550 576 2613 uti
592 2566 667 2631 que
685 2549 727 2612 ue
754 2548 966 2615 terraconae
1015 2480 1084 2682 Belo
1102 2540 1445 2682 propinquiofflaiae
1460 2538 1633 2683 mumss}
1650 2542 1807 2682 ‘hlftlg'ffl

167 2629 263 2771 affl
280 2656 459 2773 secundum
470 2708 641 2772 dicendum
652 2705 741 2788 quiid
761 2725 837 2770 nom
852 2724 965 2771 omnes
1017 2638 1409 2795 gg¹iffffia,riq;i;qsgnoet
1422 2638 1589 2762 qssssffiuig
1607 2639 1748 2793 sitem:
1761 2640 1809 2761 iii

169 2789 316 2866 proximi
333 2788 503 2868 aequaliter
523 2806 559 2851 se
574 2788 698 2850 habent
719 2788 759 2851 ad
774 2788 888 2860 iseum
909 2786 965 2848 sed
1017 2796 1120 2841 unum
1147 2776 1324 2841 secundum
1347 2794 1400 2850 se,
1420 2776 1516 2839 habet
1540 2784 1646 2841 lamen
1662 2780 1805 2841 diversus

168 2867 305 2944 quidam
321 2873 398 2930 sunt
416 2868 447 2931 ei
470 2864 720 2947 propinquiores
735 2885 794 2945 per
806 2864 962 2945 majorem
1017 2857 1136 2939 gradus
1152 2852 1328 2919 secundum
1342 2856 1488 2918 diversas
1503 2856 1708 2919 beatitudinis
1733 2876 1807 2935 par·

168 2946 367 3019 bonitatem,
388 2945 444 3025 qui
457 2950 534 3008 sunt
547 2945 651 3027 magis
665 2944 817 3026 diligendi
829 2962 872 3007 οι
885 2944 967 3007 clia-
1018 2938 1239 3016 ticipatioues3
1266 2939 1299 2997 et
1318 2934 1380 2997 hoc
1395 2932 1436 3027 ad
1453 2934 1643 2997 charitatem
1668 2938 1806 3016 pertinet

169 3024 291 3101 ritate,
309 3020 410 3106 quim
423 3024 480 3090 uti
496 3024 554 3104 qui
575 3023 696 3087 sunici
709 3021 967 3105 miudspropiu-
1016 3020 1055 3077 ul
1079 3014 1156 3079 velit
1181 3014 1340 3096 justitiam
1366 3012 1425 3075 liei
1455 3014 1598 3087 seriari,
1630 3015 1806 3077 secundina

169 3105 241 3184 qui.
1016 3112 1116 3188 quam
1133 3095 1283 3158 meliores
1299 3089 1470 3172 periectiiis
1492 3094 1721 3158 beatitudinem
1734 3112 1806 3176 par·

208 3183 261 3245 Ad
273 3183 404 3246 tertium
418 3182 589 3246 dicendum
602 3181 690 3277 quod
712 3183 797 3246 ratio
809 3182 864 3246 illa
882 3199 966 3324 glo-
1016 3175 1160 3254 tii-ipant.
1176 3173 1216 3235 Et
1232 3174 1292 3236 hoc
1303 3173 1442 3253 pertinet
1454 3171 1494 3234 tid
1508 3174 1645 3252 speciem
1660 3174 1807 3238 dilectiu-

169 3263 256 3325 cedit
270 3262 307 3324 de
321 3263 502 3355 quantitate
520 3261 700 3325 dilectionis
721 3267 869 3344 exparte
930 3260 964 3324 ni
1016 3253 1088 3328 nis;
1111 3258 1188 3316 sunt
1210 3253 1297 3348 enim
1322 3252 1459 3315 diversas
1481 3251 1662 3316 dilectionis
1683 3255 1807 3348 species

169 3341 259 3420 quod
273 3341 559 3423 amicisoptsmus.
1016 3329 1192 3396 secundnm
1219 3332 1347 3395 diversa
1372 3331 1460 3394 bona
1482 3347 1556 3410 qum
1579 3339 1730 3412 optamus
1755 3332 1807 3394 tiis

170 3462 356 3525 difficillus
369 3479 426 3526 Vll·
439 3495 478 3508 ”-
492 3459 605 3526 uentu
626 3460 726 3543 mli-⁵
738 3459 899 3555 ‘mm'
911 3461 966 3524 αἱ·
1015 3411 1462 3552 qugesddiiiffiiiniiltidilectionis
1477 3489 1526 3550 est
1539 3485 1731 3552 attendenda
1748 3506 1807 3582 per

208 3541 307 3621 ’ΨΜ
320 3539 460 3604 'mmm
471 3541 563 3624 tuam
578 3541 668 3604 ”⁰⁶5⁸
681 3541 923 3622 ⁰⁰”W⁶¹⁸'⁰'⁰⁸·
1016 3568 1290 3648 comparationem
1303 3565 1466 3645 adipsum
1482 3555 1646 3628 hominem
1660 3575 1716 3645 qui
1731 3569 1807 3628 diti-

209 3642 260 3704 Ad
283 3644 457 3723 septimum
477 3643 524 3708 sic
547 3644 743 3723 proceditur.
773 3645 803 3705 1.
829 3644 965 3708 Videtur
1016 3651 1080 3726 git;
1096 3652 1128 3708 et
1141 3644 1317 3709 secundiim
1332 3645 1394 3706 hoc
1406 3643 1477 3706 illos
1493 3645 1550 3724 qui
1563 3649 1640 3708 sunl
1652 3646 1712 3707 sibi
1733 3665 1807 3726 pro·

169 3721 258 3801 quod
271 3723 373 3804 magis
384 3724 557 3786 debeamus
568 3721 964 3804 diligeremelioresqudm
1016 3727 1071 3805 pin
1097 3725 1228 3798 uiores,
1256 3722 1425 3787 intensiori
1445 3722 1562 3786 allecto
1581 3723 1685 3804 diligit
1709 3727 1807 3788 lioiuo

170 3802 266 3862 notris
280 3802 531 3881 conjunctiores.
548 3801 630 3863 illud
644 3802 732 3866 enim
753 3801 966 3865 videturesse
1015 3804 1056 3867 ad
1067 3743 1147 3867 titud
1161 3806 1281 3866 honum
1291 3803 1331 3866 ad
1345 3802 1432 3880 quod
1447 3819 1502 3864 eos
1515 3801 1558 3885 (2)
1570 3803 1691 3884 diligit,
1706 3803 1805 3884 quiin

170 3879 274 3960 niagis
291 3880 488 3961 diligendum
507 3883 593 3959 quod
620 3881 711 3944 uuita
724 3881 852 3944 ratione
871 3881 965 3943 delict
1014 3883 1164 3947 meliores
1178 3883 1218 3946 ad
1241 3883 1346 3963 majus
1361 3883 1493 3943 bonum.

171 3959 392 4034 odioliaberi,
432 3959 508 4024 udin
522 3961 600 4024 illud
612 3961 698 4040 quud
710 3959 823 4040 aliqud
838 3961 964 4023 ratione
1053 3961 1112 4025 Est
1129 3964 1226 4025 etiam
1247 3962 1291 4025 ibi
1316 3961 1382 4025 alia
1397 3959 1577 4024 differentia
1590 3959 1802 4026 attendenda:

172 3979 508 4132 estodiohaliendum
520 4040 813 4104 sicutetaltiiusest
841 4039 964 4102 uodest
1016 4057 1091 4104 nam
1108 4042 1209 4122 aliqui
1225 4041 1363 4120 proximi
1375 4045 1451 4132 suut
1460 4041 1577 4133 propin
1603 4041 1634 4102 ui
1650 4043 1741 4114 nobis
1756 4061 1807 4106 sc·

173 4131 268 4206 nigro
288 4119 536 4196 impermixtius.
547 4118 606 4182 Sed
619 4137 765 4200 perseum
780 4057 874 4182 neiis
887 4136 964 4182 con·
1015 4119 1157 4184 cundum
1177 4121 1358 4184 naturalem
1386 4136 1562 4199 originem,
1578 4059 1598 4182 2
1622 4119 1689 4199 qud
1704 4121 1806 4186 disre-

171 4200 290 4274 punctm
316 4201 393 4260 sunt
418 4195 595 4259 secundum
631 4199 774 4277 aliquam
803 4198 962 4262 rationem
1014 4199 1167 4270 dereuon
1187 4203 1339 4280 possunt,
1355 4199 1434 4276 quia
1448 4199 1626 4260 secundum
1643 4213 1714 4260 cain
1729 4209 1807 4262 sunt

172 4275 328 4351 odieuilee,
341 4273 517 4340 secuudum
529 4277 608 4340 iliud
621 4277 697 4340 Luc.
710 4277 761 4351 12,
775 4276 816 4338 w
827 4298 835 4339 r
847 4278 963 4359 Siquis
1015 4279 1046 4342 id
1057 4279 1144 4360 quod
1158 4283 1245 4342 sunt.
1258 4279 1318 4340 Sed
1333 4275 1459 4339 bonitas
1471 4275 1616 4350 virtutis,
1630 4277 1807 4341 secundum

172 4354 257 4416 oculi
273 4354 315 4416 ud
327 4374 393 4424 me,
407 4363 438 4417 ct
457 4373 524 4417 aaa
543 4357 610 4418 odit
621 4364 755 4449 putrem.
768 4361 830 4420 etc.
843 4357 963 4419 Homi—
1014 4375 1113 4437 quani
1128 4357 1229 4438 aliqui
1245 4355 1508 4436 appropinquant
1520 4355 1606 4428 Deo,
1624 4359 1728 4433 potest
1743 4374 1805 4420 ac·-

172 4447 231 4496 uei
246 4437 356 4496 autem
370 4433 447 4496 boni
474 4434 565 4498 unilt
578 4441 704 4498 ratione
724 4441 801 4498 sunt
821 4433 960 4497 odiendi.
1014 4436 1128 4500 cedere
1142 4442 1174 4500 et
1185 4437 1351 4508 recedere,
1373 4432 1485 4513 augeri
1504 4439 1536 4494 et
1556 4431 1682 4506 minui,
1704 4439 1740 4496 ut
1763 4455 1804 4498 ei

172 4509 258 4592 Ergo
294 4513 421 4575 ridetur
448 4512 535 4593 qudd
570 4515 721 4578 meliores
752 4518 829 4577 sunt
858 4514 962 4595 magis
1013 4531 1114 4596 supra
1129 4515 1220 4577 dictis
1247 4516 1350 4593 patet,
1372 4528 1428 4590 qu.
1447 4509 1499 4586 Sl,
1515 4516 1577 4574 art.
1595 4509 1634 4587 l,
1652 4513 1691 4575 10
1702 4516 1805 4586 etlt;

172 4589 303 4654 amandi
320 4589 418 4670 qudm
432 4591 682 4671 conjunctiores.
1014 4601 1049 4655 et
1072 4593 1142 4656 ided
1157 4610 1289 4671 possum
1305 4609 1346 4654 ex
1363 4591 1517 4655 charitate
1543 4592 1623 4654 selle
1644 4591 1730 4670 qudd
1745 4594 1806 4656 iste

210 4669 241 4730 2.
256 4672 426 4744 Preterea,
436 4687 495 4749 per
505 4671 696 4734 charitatem
710 4671 807 4732 homo
822 4671 963 4734 maxime
1013 4672 1072 4752 qui
1090 4676 1139 4735 est
1156 4671 1234 4732 milii
1254 4670 1462 4812 conssunctus,
1484 4672 1526 4732 sit
1546 4669 1755 4746 melioratio,
1774 4681 1804 4736 ct

172 4745 238 4811 Deo
252 4750 463 4812 assimilatur.
479 4749 539 4811 Sed
553 4751 638 4812 Deus
653 4749 757 4831 diligit
771 4752 873 4831 magis
896 4770 963 4812 me·
1014 4751 1115 4815 sicud
1131 4751 1286 4831 majorem

174 4825 297 4890 liorem.
311 4829 399 4908 Ergo
415 4831 447 4890 et
467 4829 564 4890 lionis
578 4847 636 4907 per
654 4829 843 4890 charitatem
859 4829 961 4909 magis
1014 4830 1085 4892 uiro
1097 4830 1208 4909 possit.
1797 4907 1799 4914 y

172 4905 266 4970 debet
289 4909 459 4971 meliorem
481 4905 613 4981 attigere
627 4905 727 4985 quim
741 4907 802 4970 sibi
819 4908 963 4989 coniun-
1053 4909 1112 4971 Est
1126 4917 1233 4972 autem
1248 4912 1280 4971 et
1300 4907 1384 4972 alius
1402 4907 1516 4970 modus
1532 4925 1597 4985 quo
1612 4909 1684 4989 plus
1701 4909 1805 4994 diligi-

172 4985 317 5047 ctiorem.
833 5042 839 5055 ,
879 5009 892 5027 ‘
1015 5005 1088 5050 mus
1102 5004 1144 5050 ex
1167 4989 1324 5052 charitate
1340 4987 1442 5066 magis
1470 4988 1564 5050 nobis
1594 4988 1804 5068 conjunctos.

210 5064 242 5126 3.
272 5065 455 5141 Praeterea,
485 5062 663 5128 secundum
696 5081 962 5144 unamquamque
1014 5067 1094 5146 quia
1117 5068 1264 5146 pluribus
1285 5066 1386 5130 modis
1402 5084 1458 5128 eos
1476 5065 1649 5146 diligimus.
1675 5068 1721 5129 Ad
1750 5089 1804 5132 eoi

173 5143 347 5206 amicitiam
371 5143 451 5206 illud
475 5148 526 5208 est
550 5146 653 5224 magis
677 5143 852 5206 amandum
875 5145 961 5238 quod
1014 5146 1101 5207 enim
1116 5146 1175 5240 qui
1188 5163 1253 5240 non
1267 5144 1638 5240 suutnoliiscenjiincti,
1663 5163 1728 5208 nou
1742 5149 1806 5209 lia-

173 5237 223 5360 t?
248 5223 964 5365 latitud.³t.ttttt.tlt.³tttt
1015 5225 1806 5366 latita'attt¹ttttrtt‘'tttuttiatt

173 5381 276 5455 gimns
299 5346 356 5443 eo’s
382 5381 439 5460 qui
453 5386 545 5444 eunt
558 5381 652 5444 nobis
667 5381 770 5461 magis
785 5321 962 5444 seiunctim
1014 5321 1097 5446 ilias
1107 5382 1264 5446 amicitias
1275 5322 1451 5446 seruitium
1463 5347 1592 5442 iuodum
1608 5323 1806 5460 conjuniu‘o-

174 5463 323 5521 naturam
337 5459 500 5541 coniuncti
514 5505 524 5530 ,
541 5458 621 5554 putri
636 5465 788 5541 parentes
804 5460 854 5522 sel
865 5459 960 5524 tilios.
1016 5463 1067 5524 uis
1081 5478 1195 5524 eornm
1206 5460 1247 5523 ad
1262 5477 1334 5524 nos.
1351 5459 1432 5523 Cilm
1447 5466 1557 5523 autem
1574 5461 1695 5521 honum
1707 5479 1804 5542 sup-r

173 5531 232 5598 Sed
245 5538 388 5603 amicitia
408 5540 576 5604 charitatis
591 5539 745 5602 tundatur
756 5557 855 5618 snper
867 5557 963 5604 eom-
1600 5609 1616 5624 ..
1760 5617 1765 5628 ι

206 5681 248 5764 (ll
269 5681 306 5737 tu
319 5681 474 5766 cum-codd.
489 5681 599 5768 Terrae.
614 5689 641 5739 et
660 5681 754 5766 dican.
769 5681 835 5740 edit.
850 5683 960 5754 passim.
1016 5611 1228 5740 mummium
1241 5611 1320 5768 Q
1335 5611 1456 5678 Tamc⁸’
1469 5609 1684 5764 Α1ω11’.31.1η11θ
1696 5627 1804 5685 ''mm''

174 5745 243 5808 tui.
259 5752 340 5811 lium.
351 5753 475 5828 alaeque.
488 5765 513 5811 ct
525 5755 634 5816 mimae
647 5751 768 5814 ditmar.
1052 5755 1094 5824 (t)
1106 5753 1143 5809 lta
1156 5751 1233 5810 codd.
1247 5754 1338 5810 dican.
1351 5763 1377 5809 et
1389 5751 1508 5816 lame..
1522 5751 1633 5824 optime.
1645 5754 1700 5819 ΑΙ..
1711 5773 1797 5813 omues

1335 4749 1519 4813 eatitudiuis
1546 4751 1681 4830 gradum
1694 4770 1807 4831 perie-
