4067 6175
272 276 327 337 m
713 262 846 324 sttttw
859 261 1088 323 muototttoas
1104 260 1262 323 secuml
1279 260 1458 325 SECUNDA.
1854 268 1914 325 Stis

274 386 341 455 iarn
363 380 476 461 incipit
497 394 594 471 posse
615 390 788 457 gencrarm
811 378 843 435 et
864 374 912 437 sic
931 372 1062 447 deiude,
1155 371 1187 433 3.
1205 373 1374 447 Ριειειεε,
1390 374 1472 467 sieut
1490 372 1690 471 Augustinus
1704 378 1799 449 dicit.
1816 380 1838 445 8
1856 398 1916 443 su=

272 450 923 613 tlt‘tiabttiibttlatit‘th
942 528 1064 592 me„
1116 450 1615 609 iaiaoflittuub
1625 458 1912 619 ,willelm

296 626 420 682 uantur
442 610 618 678 secuudum
637 610 766 673 diversa
785 610 909 683 studia,
929 608 971 671 ad
991 626 1065 689 quae
1117 606 1216 670 caedo
1239 626 1317 677 eum,
1332 616 1383 677 ut,
1398 608 1428 670 si
1449 608 1639 681 abscesserit,
1654 623 1775 677 euocat
1790 617 1825 679 irr
1875 640 1902 681 e

274 639 371 760 fromn
389 694 575 775 perducitur
586 708 645 769 per
657 685 823 753 charitatis
841 692 1062 767 augmentum.
1117 692 1185 745 cute
1201 685 1285 765 quod
1302 686 1388 766 [ecit.
1401 686 1451 748 Ex
1461 705 1527 766 quo
1538 694 1640 765 potest
1649 690 1750 770 accipi
1759 695 1846 772 qudd
1856 715 1913 759 en-

273 777 354 841 Nam
369 772 473 867 primo
482 770 611 911 quidem
621 766 779 829 incumbit
788 764 911 827 bomini
922 764 1065 827 studium
1116 762 1188 826 dem
1201 763 1296 825 modo
1310 764 1395 827 Deus
1406 768 1602 843 operaturin
1616 768 1758 845 bomine,
1768 773 1905 839 charita·

275 853 454 934 principale
466 868 488 913 a
517 845 729 984 recedendtum
745 842 766 908 ι
785 849 918 923 peccato
931 849 965 936 et
980 844 1065 905 resi·
1116 841 1784 986 ἑιξιιοιὴεαιῐιιῗᾶίεοὲειξιιῶειέιο,ἀειιοεθιᾶεειειιιι
1798 853 1912 991 Xrimh

274 933 821 1094 {trimitlittibdttb
837 938 911 1093 tta
926 939 1065 1079 hill.
1115 996 1220 1091 me.
1244 939 1407 1091 ested.
1425 939 1586 1063 hiat.
1606 942 1800 1142 ,affalht
1820 932 1911 1073 ab.

274 1090 316 1153 ad
339 1085 545 1165 incipientes,
568 1082 602 1143 in
628 1082 746 1159 quibus
772 1078 913 1141 charitas
933 1081 983 1141 est
1004 1096 1065 1141 nu·
1116 1092 1274 1139 minorem
1287 1077 1476 1171 charitatem
1494 1078 1643 1143 iuiuudrt.
1690 1100 1748 1163 rgo
1763 1086 1861 1148 etiarn
1874 1088 1911 1150 in

275 1167 412 1238 menta,
435 1164 487 1227 ιει
511 1160 663 1225 terenda.
684 1177 725 1221 ue
750 1163 987 1237 corrumpatur.
1010 1156 1065 1219 Se·
1116 1154 1361 1217 conservatione
1373 1156 1538 1219 charitatis
1551 1156 1657 1223 minsis
1668 1178 1704 1223 se
1714 1168 1910 1241 praeparanti

274 1247 415 1309 cundum
440 1247 548 1307 aulem
571 1238 713 1302 studium
735 1235 885 1299 succedet
906 1241 942 1298 ut
967 1235 1064 1297 homo
1116 1232 1273 1295 minorem
1292 1233 1481 1297 charitatem
1498 1242 1680 1302 conseruat.
1702 1241 1809 1302 Potest
1828 1262 1908 1325 ergo
2020 1234 2021 1239 ’

274 1323 496 1408 principaliter
517 1317 663 1381 intendat
675 1314 715 1378 ad
736 1314 798 1375 boc
816 1313 901 1405 qudd
922 1314 956 1375 in
977 1314 1065 1375 bono
1116 1310 1256 1373 charitas
1267 1310 1413 1374 diminui.

274 1402 437 1485 proliciat,
451 1404 484 1461 et
505 1398 568 1460 boc
586 1393 728 1458 studium
749 1396 887 1471 pcrtmet
900 1392 941 1455 ad
960 1390 1066 1470 proti-
1155 1389 1215 1451 Sed
1235 1396 1347 1453 eontra
1364 1396 1413 1453 εει
1430 1390 1516 1470 qudd
1533 1392 1673 1457 charitas
1692 1394 1725 1456 in
1742 1394 1911 1477 Scriptura

274 1482 407 1554 cientes,
420 1477 477 1558 qui
489 1477 529 1539 ad
543 1475 605 1537 hoc
618 1471 840 1551 principaliter
850 1470 1066 1533 intenduntut
1117 1466 1127 1528 i
1151 1468 1183 1529 ni
1200 1474 1416 1547 comparatur,
1431 1470 1607 1533 secundum
1618 1472 1697 1536 illud
1710 1472 1801 1538 Cant.
1817 1477 1849 1555 8,
1865 1478 1886 1541 6
1899 1500 1908 1539 ι

275 1561 309 1622 in
331 1559 378 1621 eis
399 1557 540 1620 ebaritas
563 1570 622 1631 per
648 1555 857 1630 augmentum
881 1552 1063 1613 roboretur.
1144 1546 1286 1637 crupoder
1306 1546 1390 1628 ejus,
1410 1547 1532 1611 scilicet
1551 1548 1734 1627 charitatis,
1752 1554 1909 1635 ιωιιρηαε,

275 1638 420 1701 Tertium
436 1640 544 1697 autem
564 1629 706 1693 studium
720 1631 818 1690 estut
834 1626 931 1689 bomo
945 1627 984 1691 ad
1002 1627 1065 1689 hoc
1116 1624 1202 1704 ipen
1217 1634 1308 1705 atquc
1325 1624 1529 1705 flammarum.
1549 1624 1610 1691 Sed
1630 1628 1641 1690 i
1664 1631 1732 1707 nis,
1776 1632 1908 1697 uamdih

298 1714 498 1792 rincipaliter
510 1708 653 1771 intendat
667 1712 704 1768 ut
719 1705 785 1767 lieo
797 1706 963 1778 inhaereat,
978 1710 1065 1769 eleo
1116 1708 1247 1775 manet,
1282 1721 1410 1782 semper
1440 1704 1594 1769 ascendit.
1654 1725 1712 1789 rgo
1822 1712 1907 1788 itas,

275 1733 420 1862 fluctum
435 1798 467 1852 ct
480 1790 541 1850 boc
550 1786 689 1867 pertinet
702 1784 743 1847 ad
778 1784 926 1860 errectos,
939 1784 996 1863 qui
1009 1800 1066 1847 cu·
1115 1776 1269 1860 quamdiu
1289 1786 1409 1856 manet,
1428 1783 1602 1847 ascendero
1633 1791 1749 1868 potest,
1775 1790 1832 1853 sed
1853 1790 1909 1855 de.

278 1873 369 1935 olunt
383 1866 514 1931 dissolui
527 1874 556 1927 et
569 1883 631 1927 erse
646 1882 715 1926 cum
727 1803 865 1925 Oxiisto.
1116 1859 1281 1935 sccrrdere,
1293 1858 1323 1919 id
1338 1866 1397 1933 εει,
1412 1858 1548 1923 diminui
1561 1879 1626 1924 non
1642 1869 1757 1943 potest.

316 1948 403 2011 Sicut
427 1948 525 2009 etiam
547 1943 690 2009 videmus
721 1940 754 2001 iu
786 1947 877 2002 motu
902 1940 1064 2019 corporali
1156 1937 1526 2016 llespoudeodicendum
1541 1942 1627 2021 quhd
1644 1946 1809 2021 quantitas
1826 1947 1908 2011 cha·

299 2027 363 2091 udd
376 2026 516 2106 primum
528 2025 579 2086 εει
592 2037 739 2083 recessus
750 2017 770 2082 d
782 2018 936 2092 termium
950 2037 1066 2083 secun·
1115 2014 1232 2107 ritatis,
1246 2031 1345 2095 quam
1365 2016 1462 2079 habet
1476 2018 1507 2079 in
1533 2024 1772 2100 comparatione
1784 2023 1824 2087 ad
1841 2028 1908 2089 ob«

275 2046 353 2169 aum
367 2110 474 2169 autem
487 2106 537 2165 εει
548 2098 819 2180 appropinquatio
833 2096 873 2160 ad
887 2098 988 2160 alium
1002 2102 1066 2161 ter·
1112 2098 1232 2175 rectum
1246 2094 1423 2174 proprium,
1437 2096 1541 2160 minui
1551 2116 1615 2159 uon
1629 2104 1744 2177 potest,
1753 2102 1836 2165 sient
1848 2123 1908 2167 nec

275 2184 411 2256 minum,
427 2181 556 2243 tertium
569 2184 618 2241 est
631 2176 724 2256 quies
740 2176 774 2239 iu
787 2176 936 2237 termino.
1116 2189 1159 2235 au
1182 2170 1240 2248 cri,
1254 2176 1400 2254 utsupra
1415 2178 1534 2238 nictum
1546 2182 1605 2252 est,
1615 2184 1678 2239 art.
1690 2176 1710 2239 l
1722 2178 1820 2261 huius
1835 2201 1906 2263 qu.,
2021 2184 2022 2195 ¹

317 2263 363 2325 hd
391 2262 531 2341 primurn
553 2274 631 2339 ergo
655 2254 825 2318 dicendum
846 2254 932 2334 qudd
959 2252 1066 2318 omnis
1116 2251 1156 2314 ad
2021 2312 2022 2335 ζ

275 2342 334 2405 illa
344 2340 555 2401 determinata
565 2334 744 2408 distinctio,
759 2350 832 2412 quur
866 2337 948 2395 otest
962 2334 1065 2413 accipi
1156 2330 1217 2393 Sed
1235 2328 1309 2394 edm
1328 2334 1488 2415 augeatur
1503 2330 1679 2397 secundum
1692 2337 1908 2415 quantitatem

276 2352 1066 2573 {trattaltlttttttdticaliditati
1116 2410 1906 2573 thadatbahalititarlfttitla

868 2534 876 2549 ⁰
945 2534 968 2565 ·r

277 2573 484 2638 ctiamomnis
494 2570 609 2632 divisio
619 2568 845 2635 continuorum
856 2566 1066 2646 comprehen-
1116 2563 1250 2629 diminui
1284 2567 1374 2629 ossii.
1387 2564 1419 2629 Si
1433 2572 1540 2629 autem
1556 2568 1764 2647 diminuatur,
1780 2578 1908 2652 oportet

276 2654 364 2715 ditur
375 2654 436 2715 sub
450 2652 553 2712 tribus
567 2648 629 2720 bis,
642 2647 813 2741 principio,
824 2645 929 2707 medio
944 2650 975 2707 ει
989 2646 1064 2723 fine,
1116 2642 1203 2723 qudd
1218 2586 1481 2708 vefdiminuatur
1493 2664 1551 2727 per
1563 2648 1705 2726 aliquem
1719 2656 1839 2725 aetum,
1853 2654 1905 2715 vel

278 2740 315 2795 ut
328 2728 539 2809 Philosophus
551 2726 628 2789 dicit
642 2744 675 2786 m
688 2726 705 2785 1
720 2724 760 2786 de
775 2723 873 2796 Celo,
887 2727 966 2785 text.
980 2724 1012 2784 2.
1117 2738 1176 2803 per
1189 2722 1291 2786 solam
1305 2725 1517 2787 cessationem
1527 2726 1568 2787 ab
1582 2732 1667 2789 actu
1684 2729 1744 2791 Per
1754 2732 1908 2793 cessatio·

318 2811 363 2873 hd
373 2802 892 2881 secuudumdiceudumquddillis
902 2802 1065 2882 inquibus
1117 2818 1192 2863 nem
1205 2801 1333 2881 quidem
1346 2804 1387 2865 ab
1399 2806 1473 2867 actu
1483 2802 1849 2871 diminuunturrirtutes
1864 2828 1908 2872 ex

276 2890 416 2955 ebaritas
432 2884 554 2964 incipit,
568 2883 717 2963 quamvis
732 2880 918 2959 proliciunt,
938 2882 1067 2960 priuci-
1116 2879 1242 2943 actibus
1256 2880 1433 2961 acquisitu,
1453 2884 1484 2943 et
1506 2882 1701 2975 quandoque
1717 2886 1812 2949 etiam
1826 2904 1909 2950 cor-

276 2968 381 3049 palier
395 2972 502 3028 tamen
517 2980 598 3026 cura
616 2961 762 3023 imminet
775 2966 811 3023 ιιι
824 2960 974 3023 resistant
988 2978 1067 3039 pen-
1115 2975 1189 3019 rum
1237 2959 1765 3051 ntur‚utsupradrctumest,1·2,
1803 2984 1836 3029 u.
1853 2964 1907 3039 53,

275 3047 369 3120 sutis,
394 3060 535 3125 qnorum
563 3038 806 3122 impugnatione
830 3038 1064 3118 inquietantur.
1085 3052 1087 3059 ’
1116 3042 1177 3100 art.
1191 2977 1325 3103 &Unde
1341 3039 1380 3102 de
1397 3036 1538 3102 amicitia
1557 3038 1768 3124 Philosophus
1804 3044 1857 3108 'cit
1871 3046 1907 3107 in

275 3125 337 3190 Sed
351 3129 463 3203 postca
478 3122 562 3184 banc
578 3117 853 3199 impugnationem
866 3117 974 3180 minsis
987 3137 1067 3182 sen-
1116 3115 1384 3197 8Ethieor.,cap.
1400 3115 1431 3192 d,
1442 3115 1557 3196 partlm
1572 3116 1718 3198 dprine„
1729 3121 1814 3201 quod
1825 3125 1908 3184 mut.

276 3205 404 3277 ιιειιιεε,
414 3201 483 3281 jam
495 3199 589 3278 quasi
602 3194 749 3260 securius
760 3196 929 3259 intendunt
942 3197 982 3259 ad
993 3215 1067 3276 por-
1118 3203 1167 3256 tos
1185 3196 1338 3261 amicitior
1356 3197 1560 3278 ionppeltotio
1583 3197 1690 3268 solvit,
1711 3201 1741 3262 id
1759 3207 1819 3277 est,
1838 3219 1904 3266 nou

276 3283 409 3353 ιεειιιιιις
430 3297 472 3341 er
488 3275 555 3340 und
569 3281 675 3340 tamen
695 3278 787 3356 parte
803 3273 955 3338 iacientes
969 3291 1064 3356 opus,
1116 3274 1280 3352 appellare
1298 3274 1449 3350 amicum,
1468 3276 1518 3337 vel
1539 3292 1604 3338 non
1624 3277 1765 3358 colloqui
1784 3280 1824 3343 ei.
1845 3281 1907 3343 Sed

275 3365 309 3424 ει
319 3379 363 3424 ει
375 3357 539 3436 alidparte
549 3357 704 3418 babentes
713 3370 846 3416 uranum
858 3353 899 3416 ad
910 3352 1064 3433 gladium,
1117 3351 1178 3414 boc
1195 3351 1266 3415 ideo
1279 3357 1328 3415 εει
1342 3353 1420 3433 quia
1432 3355 1635 3417 conservatio
1648 3357 1907 3438 uniuscujusque

276 3444 313 3502 ut
325 3439 441 3502 dicitur
454 3437 488 3498 in
507 3434 621 3508 Esdrd,
630 3433 687 3496 ιιι).
700 3432 733 3507 2,
741 3448 813 3513 cap.
826 3430 858 3508 t,
870 3431 909 3494 de
922 3431 1067 3498 edilice-
1116 3430 1163 3492 sci
1178 3429 1333 3510 dependet
1344 3447 1386 3492 ex
1399 3430 1461 3494 sua
1472 3428 1582 3496 causa.
1601 3435 1707 3498 Causa
1718 3443 1827 3498 autem
1843 3439 1908 3500 pqr.

275 3518 400 3582 toribos
409 3514 621 3588 liicrusalenu
1116 3509 1193 3572 tutis
1208 3510 1373 3588 acquisitu
1382 3513 1432 3572 εει
1442 3514 1532 3572 εειιιε
1544 3511 1716 3576 humanus.
1732 3513 1832 3589 Unde,
1844 3534 1907 3578 ces

316 3596 364 3658 Ad
382 3595 512 3658 tertium
528 3591 697 3654 dicendum
712 3588 797 3668 quod
818 3589 951 3669 perlecti
967 3589 1066 3653 etiam
1117 3587 1263 3651 sanaim
1287 3587 1438 3651 humanis
1461 3589 1598 3664 actibus,
1618 3591 1720 3654 virtus
1747 3596 1907 3672 acquisita

276 3675 311 3738 in
333 3674 489 3737 charitate
508 3669 696 3750 proliciunt3
716 3667 772 3730 sed
793 3685 860 3730 nnn
878 3672 928 3731 cst
945 3667 987 3732 ad
1003 3668 1067 3732 boc
1117 3662 1318 3740 diminuitur,
1335 3671 1367 3728 et
1384 3666 1511 3729 tandem
1524 3668 1665 3731 totaliter
1677 3674 1906 3753 corrumpitur.

276 3751 702 3892 subdialibus
717 3746 1068 3886 attruibuit:
1117 3743 1258 3886 mla
1274 3745 1906 3892 hdutilrdttththhtlhtti

276 3907 433 3971 haereant.
458 3905 498 3964 Et
511 3904 660 3981 quamvis
675 3900 773 3964 etiam
791 3899 853 3964 hoo
871 3906 1018 3980 querant
1035 3907 1068 3965 ει
1117 3900 1173 3964 sed
1186 3898 1292 3965 solium
1304 3898 1325 3965 a
1336 3900 1420 3976 Deo,
1435 3907 1523 3964 uisu
1546 3919 1583 3965 ra
1596 3901 1714 3966 dictum
1730 3912 1795 3980 est,
1810 3913 1871 3970 art.
1886 3875 1907 3968 S

278 3984 468 4063 incipientes
479 3985 511 4044 et
543 3978 736 4052 ιειὶειειιιεε,
750 3983 857 4070 tamen
873 3981 975 4060 magis
989 3998 1068 4043 sen·
1117 3978 1214 4059 bujus
1237 3985 1350 4058 quaest.
1376 3977 1466 4042 Unde
1486 3921 1681 4059 refinquitur
1723 3983 1787 4045 udd
1809 3986 1906 4048 etiam

276 4066 363 4126 tium
382 4063 469 4125 circa
492 3995 558 4123 alia
581 4057 959 4150 suamsolhcitudinem,
979 4057 1068 4120 inci-
1118 4061 1265 4121 cessante
1282 4061 1367 4150 actu,
1388 4062 1518 4137 propter
1535 4057 1598 4122 hoc
1619 4078 1679 4122 nec
1701 4002 1905 4135 diminuitur,

302 4144 403 4206 lentes
413 4136 592 4219 quidemde
600 4140 753 4198 vitatione
765 4139 982 4213 pcccatorum,
992 4153 1067 4216 pro·
1118 4153 1179 4198 nec
1200 4141 1429 4215 corrumpitur,
1449 4136 1477 4199 si
1497 4134 1579 4199 desit
1600 4145 1766 4218 peecatum
1784 4141 1817 4204 in
1837 4139 1906 4224 ipsi

278 4161 562 4284 Κειειιιεειειὸιιε
577 4213 898 4295 proiectuvirtutum.
1119 4215 1309 4278 cessatione.

277 4290 1065 4372 auricomum-utrumcheritmpeetrdtmiml.
1158 4293 1364 4371 Relinquitur
1377 4310 1454 4372 crgo
1464 4291 1551 4372 qubd
1562 4291 1731 4357 diminutio
1741 4295 1906 4362 charitatis

319 4411 360 4426 —-
375 4376 385 4458 (
398 4379 429 4453 t,
450 4375 524 4438 dist.
544 4373 594 4448 tr,
612 4380 722 4454 quest.
744 4372 781 4446 ii,
795 4378 858 4432 ort.
874 4371 911 4446 ii,
932 4380 961 4432 et
983 4371 1066 4436 Mol.
1119 4387 1184 4434 non
1199 4369 1299 4450 possit
1315 4371 1441 4434 causari
1460 4370 1521 4434 nisi
1539 4371 1710 4466 ιειὲιιεο,
1726 4377 1777 4436 vei
1792 4376 1833 4437 ab
1845 4377 1909 4438 ati-

316 4451 589 4598 ἳιιιιῑειαιινιιιιιιξεξε
597 4529 791 4622 proceditur.
801 4525 973 4621 hisidetm
981 4527 1068 4607 qudd
1119 4449 1908 4611 ἓιῖἓυξεοὲξῗὲἓιυὲιιΡιῖῗιιιῗεῃιῗιξιῃρεῖοιιιιοὲῗιυιιξᾶὲὲἷ

278 4613 420 4676 ebaritas
433 4609 536 4703 possit
551 4607 696 4668 drmrnur.
711 4607 880 4670 Contraria
892 4623 979 4669 cmm
991 4612 1069 4671 nata
1119 4623 1181 4678 nu,
1191 4601 1366 4668 secundum
1379 4603 1466 4684 qudd
1477 4607 1638 4669 subtrabit
1648 4609 1784 4688 gratiam
1795 4611 1828 4671 in
1840 4629 1908 4690 pre-

279 4696 357 4754 eunt
372 4687 442 4750 tierr
459 4685 651 4750 circa-idem.
670 4684 729 4746 Sed
743 4685 961 4765 augmentatio
976 4690 1008 4746 et
1021 4685 1069 4746 di-
1121 4701 1195 4746 nam
1211 4683 1342 4762 pcccati.
1360 4681 1448 4745 Unde
1460 4701 1519 4746 nec
1530 4685 1559 4747 ei
1570 4688 1719 4764 competit
1730 4687 1907 4752 diminuere

281 4767 417 4830 urinutio
437 4769 514 4830 sunt
531 4763 704 4825 contraria.
729 4761 809 4825 Cdm
829 4780 907 4842 ergo
928 4763 1068 4826 charitas
1120 4762 1307 4826 charitatem
1322 4761 1383 4824 nisi
1398 4779 1455 4840 per
1463 4763 1592 4826 modum
1605 4781 1717 4844 prena.
1740 4765 1838 4831 Poena
1852 4783 1909 4830 an.

279 4853 451 4926 augeatur,
471 4853 506 4906 ut
525 4843 645 4904 dictum
664 4845 714 4904 εει
732 4857 843 4919 supra,
858 4837 952 4903 arti
971 4841 1068 4923 hujus
1120 4845 1185 4904 tem
1198 4840 1332 4902 debetur
1345 4845 1488 4920 peccalo.

156 4948 172 4985 ·.
279 4928 409 5006 quusi..
426 4923 553 4986 ridetur
564 4919 756 4997 etiamqndd
766 4919 867 4997 possit
880 4919 1027 4982 diminui.
1161 4917 1248 4982 Unde
1261 4919 1455 4998 relinquitur
1464 4917 1548 4998 qudd
1559 4919 1586 4981 si
1597 4918 1736 4983 ebaritas
1747 4920 1906 4986 diminua-

320 5003 351 5064 ι.
367 4998 756 5077 Pretercahugustinus,
768 4997 1069 5074 toennensem,
1123 5001 1187 5072 tur,
1202 5013 1300 5060 causa
1314 4997 1534 5058 diminutionis
1545 4998 1614 5059 c'us
1628 4998 1670 5060 sit
1682 5005 1847 5079 peccatum
1859 5003 1908 5065 vei

281 5081 322 5146 ad
334 5082 437 5144 ileum
452 5079 601 5156 inquens,
615 5075 690 5137 dicit
704 5073 835 5139 sitietis
861 5082 890 5135 ιε
911 5085 995 5137 necor
1064 5077 1070 5090 “
1123 5074 1269 5140 effectivo
1284 5077 1336 5139 vel
1354 5073 1527 5138 meritorie.
1548 5017 1668 5138 dentre
1689 5085 1796 5140 autern
1816 5077 1910 5142 ιιιοιιο

282 5170 383 5254 recum
398 5155 519 5252 etquid
532 5161 631 5248 munh·
648 5160 680 5217 ct
694 5154 728 5216 iu
739 5151 846 5215 libita
859 5153 938 5228 00,
969 5171 1025 5247 u..
1061 5198 1070 5229 ,
1122 5157 1288 5248 peccatum
1309 5153 1444 5246 mortale
1463 5151 1612 5246 diminuit
1633 5155 1833 5249 charitatem,
1856 5158 1910 5252 sed

281 5231 1072 5390 suauitluuhlattftiht..ta
1123 5233 1910 5402 thid.&adaliathhiiittthths

282 5393 370 5474 qudd
383 5390 507 5456 etinmd
519 5405 676 5453 converso
692 5392 900 5470 augmentum
913 5389 1073 5468 cupidita·
1124 5389 1193 5464 tati,
1211 5391 1248 5450 ut
1262 5387 1346 5450 inira
1356 5387 1492 5462 dicetur,
1502 5393 1564 5450 art.
1579 5389 1617 5451 ta
1630 5389 1727 5472 hujus
1739 5396 1867 5469 quest,
1879 5397 1909 5454 et

283 5475 324 5538 tis
334 5471 377 5536 sit
386 5468 555 5534 amtnmto
565 5467 744 5532 charitatis.
754 5466 815 5530 Sed
824 5466 993 5546 cupiditas.
1005 5468 1073 5546 qna
1125 5469 1222 5531 etiam
1235 5463 1409 5539 meritorii,
1423 5466 1498 5545 quia
1512 5465 1583 5528 cium
1598 5468 1760 5547 peccando
1774 5469 1902 5533 mortali

284 5556 415 5614 amatur
426 5547 549 5627 aliquid
568 5544 659 5609 ahud
673 5544 773 5625 quim
791 5547 894 5618 Deus,
914 5550 1020 5625 potest
1038 5549 1072 5610 in
1125 5550 1174 5608 ter
1185 5545 1301 5622 aliquis
1316 5549 1427 5607 contra
1440 5543 1627 5608 charitatem
1639 5547 1854 5628 agit,dignum
1865 5553 1912 5610 est

285 5628 416 5692 bomine
429 5639 587 5694 ειειωιε.
604 5625 691 5690 Erro
704 5623 844 5690 umus
858 5629 965 5703 potest
976 5625 1074 5689 dimi-
1125 5631 1162 5686 ut
1173 5623 1258 5684 Dens
1276 5621 1306 5684 ei
1320 5621 1488 5685 subtrahat
1498 5623 1697 5686 charitatem.

284 5706 353 5772 ω,
1165 5699 1317 5764 Similiter
1330 5701 1427 5766 etiam
1446 5718 1506 5764 neo
1527 5719 1587 5780 per
1604 5708 1771 5784 peccatum
1784 5704 1913 5769 reniale
