<?xml version="1.0" encoding="UTF-8"?>
<!DOCTYPE html PUBLIC "-//W3C//DTD XHTML 1.0 Transitional//EN"
    "http://www.w3.org/TR/xhtml1/DTD/xhtml1-transitional.dtd">
<html xmlns="http://www.w3.org/1999/xhtml" xml:lang="en" lang="en">
 <head>
  <title>
</title>
<meta http-equiv="Content-Type" content="text/html;charset=utf-8" />
  <meta name='ocr-system' content='tesseract 3.04.00' />
  <meta name='ocr-capabilities' content='ocr_page ocr_carea ocr_par ocr_line ocrx_word'/>
</head>
<body>
  <div class='ocr_page' id='page_1' title='image "./summatheologica01migngoog/summatheologica01migngoog_0599.png"; bbox 0 0 4067 6175; ppageno 0'>
   <div class='ocr_carea' id='block_1_1' title="bbox 143 289 1778 363">
    <p class='ocr_par' dir='ltr' id='par_1_1' title="bbox 143 289 1778 363">
     <span class='ocr_line' id='line_1_1' title="bbox 143 289 1778 363; baseline 0.006 -13"><span class='ocrx_word' id='word_1_1' title='bbox 143 297 214 360; x_wconf 72' lang='lat' dir='ltr'><strong>lm</strong></span> <span class='ocrx_word' id='word_1_2' title='bbox 443 291 580 363; x_wconf 64' lang='lat' dir='ltr'><strong>Quasi.</strong></span> <span class='ocrx_word' id='word_1_3' title='bbox 596 289 712 349; x_wconf 62' lang='lat' dir='ltr'><strong>ccxixi</strong></span> <span class='ocrx_word' id='word_1_4' title='bbox 748 293 796 349; x_wconf 76' lang='lat' dir='ltr'><strong>bt</strong></span> <span class='ocrx_word' id='word_1_5' title='bbox 812 289 985 350; x_wconf 70' lang='lat' dir='ltr'><strong>mlle</strong></span> <span class='ocrx_word' id='word_1_6' title='bbox 1003 289 1040 349; x_wconf 79' lang='lat' dir='ltr'><strong>tlt</strong></span> <span class='ocrx_word' id='word_1_7' title='bbox 1057 291 1245 352; x_wconf 72' lang='lat' dir='ltr'><strong>sxddnlottl</strong></span> <span class='ocrx_word' id='word_1_8' title='bbox 1265 293 1462 357; x_wconf 71' lang='grc' dir='ltr'><strong>ΑΡΡΑιιιΤιι.</strong></span> <span class='ocrx_word' id='word_1_9' title='bbox 1708 297 1778 361; x_wconf 74' lang='lat' dir='ltr'><strong>tlte</strong></span> 
     </span>
    </p>
   </div>
   <div class='ocr_carea' id='block_1_2' title="bbox 61 403 1783 1431">
    <p class='ocr_par' dir='ltr' id='par_1_2' title="bbox 141 403 1783 1195">
     <span class='ocr_line' id='line_1_2' title="bbox 142 403 1778 492; baseline 0.01 -29"><span class='ocrx_word' id='word_1_10' title='bbox 142 403 935 490; x_wconf 62' lang='lat' dir='ltr'><strong>3:1jpuipnnitentinnproedieot.bubitmpeei·</strong></span> <span class='ocrx_word' id='word_1_11' title='bbox 984 405 1067 467; x_wconf 79' lang='lat' dir='ltr'><strong>eleo.</strong></span> <span class='ocrx_word' id='word_1_12' title='bbox 1087 405 1128 466; x_wconf 80' lang='lat' dir='ltr'><strong>lit</strong></span> <span class='ocrx_word' id='word_1_13' title='bbox 1144 405 1216 468; x_wconf 84' lang='lat' dir='ltr'><strong>ideo</strong></span> <span class='ocrx_word' id='word_1_14' title='bbox 1236 407 1263 468; x_wconf 89' lang='lat' dir='ltr'><strong>sl</strong></span> <span class='ocrx_word' id='word_1_15' title='bbox 1285 409 1401 472; x_wconf 86' lang='lat' dir='ltr'><strong>mulier</strong></span> <span class='ocrx_word' id='word_1_16' title='bbox 1417 410 1588 492; x_wconf 79' lang='lat' dir='ltr'><strong>conjugata</strong></span> <span class='ocrx_word' id='word_1_17' title='bbox 1605 413 1645 477; x_wconf 82' lang='lat' dir='ltr'><strong>ad</strong></span> <span class='ocrx_word' id='word_1_18' title='bbox 1666 415 1728 478; x_wconf 91' lang='lat' dir='ltr'><strong>boc</strong></span> <span class='ocrx_word' id='word_1_19' title='bbox 1743 432 1778 479; x_wconf 86' lang='lat' dir='ltr'><strong>se</strong></span> 
     </span>
     <span class='ocr_line' id='line_1_3' title="bbox 141 484 1778 625; baseline 0.022 -103"><span class='ocrx_word' id='word_1_20' title='bbox 141 484 436 580; x_wconf 49' lang='lat' dir='ltr'><strong>‘mmm‘</strong></span> <span class='ocrx_word' id='word_1_21' title='bbox 484 563 504 623; x_wconf 65' lang='lat' dir='ltr'>d</span> <span class='ocrx_word' id='word_1_22' title='bbox 618 561 731 624; x_wconf 39' lang='lat' dir='ltr'><strong>Mb.</strong></span> <span class='ocrx_word' id='word_1_23' title='bbox 775 561 858 623; x_wconf 41' lang='lat' dir='ltr'><strong>mod·</strong></span> <span class='ocrx_word' id='word_1_24' title='bbox 985 487 1080 625; x_wconf 49' lang='lat' dir='ltr'><strong>eget</strong></span> <span class='ocrx_word' id='word_1_25' title='bbox 1098 489 1134 546; x_wconf 86' lang='lat' dir='ltr'><strong>ut</strong></span> <span class='ocrx_word' id='word_1_26' title='bbox 1150 485 1304 624; x_wconf 51' lang='lat' dir='ltr'><strong>rirotsuo</strong></span> <span class='ocrx_word' id='word_1_27' title='bbox 1319 487 1459 565; x_wconf 72' lang='lat' dir='ltr'><strong>placeat,</strong></span> <span class='ocrx_word' id='word_1_28' title='bbox 1476 496 1580 570; x_wconf 87' lang='lat' dir='ltr'><strong>potest</strong></span> <span class='ocrx_word' id='word_1_29' title='bbox 1596 493 1658 556; x_wconf 84' lang='lat' dir='ltr'><strong>lroc</strong></span> <span class='ocrx_word' id='word_1_30' title='bbox 1674 493 1778 558; x_wconf 87' lang='lat' dir='ltr'><strong>lacere</strong></span> 
     </span>
     <span class='ocr_line' id='line_1_4' title="bbox 144 563 1776 741; baseline 0.006 -36"><span class='ocrx_word' id='word_1_31' title='bbox 144 563 937 733; x_wconf 45' lang='lat' dir='ltr'><strong>tedbitcedltbffidffluugnqddddemugsutsmuditeiz</strong></span> <span class='ocrx_word' id='word_1_32' title='bbox 984 575 1007 623; x_wconf 50' lang='lat' dir='ltr'>a</span> <span class='ocrx_word' id='word_1_33' title='bbox 1026 579 1219 704; x_wconf 52' lang='lat' dir='ltr'><strong>ffieapletgcma</strong></span> <span class='ocrx_word' id='word_1_34' title='bbox 1227 581 1377 706; x_wconf 52' lang='lat' dir='ltr'><strong>dederes</strong></span> <span class='ocrx_word' id='word_1_35' title='bbox 1390 663 1464 724; x_wconf 77' lang='lat' dir='ltr'><strong>quse</strong></span> <span class='ocrx_word' id='word_1_36' title='bbox 1477 647 1563 741; x_wconf 48' lang='lat' dir='ltr'><strong>girus</strong></span> <span class='ocrx_word' id='word_1_37' title='bbox 1579 666 1643 710; x_wconf 91' lang='lat' dir='ltr'><strong>non</strong></span> <span class='ocrx_word' id='word_1_38' title='bbox 1658 649 1776 716; x_wconf 88' lang='lat' dir='ltr'><strong>habent</strong></span> 
     </span>
     <span class='ocr_line' id='line_1_5' title="bbox 144 719 1779 794; baseline 0.006 -11"><span class='ocrx_word' id='word_1_39' title='bbox 144 725 195 784; x_wconf 87' lang='lat' dir='ltr'><strong>nis</strong></span> <span class='ocrx_word' id='word_1_40' title='bbox 209 723 381 784; x_wconf 65' lang='lat' dir='ltr'><strong>nonanes</strong></span> <span class='ocrx_word' id='word_1_41' title='bbox 395 724 427 782; x_wconf 84' lang='lat' dir='ltr'><strong>et</strong></span> <span class='ocrx_word' id='word_1_42' title='bbox 440 720 512 782; x_wconf 83' lang='lat' dir='ltr'><strong>rded</strong></span> <span class='ocrx_word' id='word_1_43' title='bbox 523 719 890 790; x_wconf 81' lang='lat' dir='ltr'><strong>excessusetdelectus,</strong></span> <span class='ocrx_word' id='word_1_44' title='bbox 905 723 938 780; x_wconf 90' lang='lat' dir='ltr'><strong>et</strong></span> <span class='ocrx_word' id='word_1_45' title='bbox 986 736 1047 781; x_wconf 82' lang='lat' dir='ltr'><strong>uec</strong></span> <span class='ocrx_word' id='word_1_46' title='bbox 1059 721 1171 782; x_wconf 86' lang='lat' dir='ltr'><strong>rolunt</strong></span> <span class='ocrx_word' id='word_1_47' title='bbox 1185 722 1315 794; x_wconf 87' lang='lat' dir='ltr'><strong>babere,</strong></span> <span class='ocrx_word' id='word_1_48' title='bbox 1332 723 1381 785; x_wconf 80' lang='lat' dir='ltr'><strong>rel</strong></span> <span class='ocrx_word' id='word_1_49' title='bbox 1397 730 1471 786; x_wconf 89' lang='lat' dir='ltr'><strong>sunt</strong></span> <span class='ocrx_word' id='word_1_50' title='bbox 1487 745 1520 790; x_wconf 92' lang='lat' dir='ltr'><strong>m</strong></span> <span class='ocrx_word' id='word_1_51' title='bbox 1535 731 1621 790; x_wconf 88' lang='lat' dir='ltr'><strong>statu</strong></span> <span class='ocrx_word' id='word_1_52' title='bbox 1636 746 1701 790; x_wconf 94' lang='lat' dir='ltr'><strong>non</strong></span> <span class='ocrx_word' id='word_1_53' title='bbox 1718 730 1779 793; x_wconf 88' lang='lat' dir='ltr'><strong>ba·</strong></span> 
     </span>
     <span class='ocr_line' id='line_1_6' title="bbox 144 797 1778 886; baseline 0.006 -27"><span class='ocrx_word' id='word_1_54' title='bbox 144 799 331 866; x_wconf 85' lang='lat' dir='ltr'><strong>mediumin</strong></span> <span class='ocrx_word' id='word_1_55' title='bbox 342 800 459 862; x_wconf 86' lang='lat' dir='ltr'><strong>talibus</strong></span> <span class='ocrx_word' id='word_1_56' title='bbox 471 799 579 861; x_wconf 86' lang='lat' dir='ltr'><strong>reduci</strong></span> <span class='ocrx_word' id='word_1_57' title='bbox 589 803 726 877; x_wconf 85' lang='lat' dir='ltr'><strong>possunt</strong></span> <span class='ocrx_word' id='word_1_58' title='bbox 734 797 775 861; x_wconf 92' lang='lat' dir='ltr'><strong>ad</strong></span> <span class='ocrx_word' id='word_1_59' title='bbox 786 798 937 858; x_wconf 77' lang='lat' dir='ltr'><strong>virtutem</strong></span> <span class='ocrx_word' id='word_1_60' title='bbox 986 797 1100 869; x_wconf 79' lang='lat' dir='ltr'><strong>bendi,</strong></span> <span class='ocrx_word' id='word_1_61' title='bbox 1113 816 1178 859; x_wconf 92' lang='lat' dir='ltr'><strong>non</strong></span> <span class='ocrx_word' id='word_1_62' title='bbox 1196 805 1335 878; x_wconf 84' lang='lat' dir='ltr'><strong>possunt</strong></span> <span class='ocrx_word' id='word_1_63' title='bbox 1347 801 1470 880; x_wconf 84' lang='lat' dir='ltr'><strong>absque</strong></span> <span class='ocrx_word' id='word_1_64' title='bbox 1484 810 1613 883; x_wconf 87' lang='lat' dir='ltr'><strong>peccato</strong></span> <span class='ocrx_word' id='word_1_65' title='bbox 1628 813 1778 886; x_wconf 85' lang='lat' dir='ltr'><strong>appetere</strong></span> 
     </span>
     <span class='ocr_line' id='line_1_7' title="bbox 146 875 1779 966; baseline 0.009 -32"><span class='ocrx_word' id='word_1_66' title='bbox 146 879 409 959; x_wconf 70' lang='lat' dir='ltr'><strong>veritatis‚quan</strong></span> <span class='ocrx_word' id='word_1_67' title='bbox 419 877 724 955; x_wconf 83' lang='lat' dir='ltr'><strong>Philosophus,loeo</strong></span> <span class='ocrx_word' id='word_1_68' title='bbox 735 877 789 938; x_wconf 88' lang='lat' dir='ltr'><strong>eit.</strong></span> <span class='ocrx_word' id='word_1_69' title='bbox 804 878 838 938; x_wconf 90' lang='lat' dir='ltr'><strong>in</strong></span> <span class='ocrx_word' id='word_1_70' title='bbox 851 892 936 954; x_wconf 65' lang='lat' dir='ltr'><strong>arg„</strong></span> <span class='ocrx_word' id='word_1_71' title='bbox 986 875 1114 954; x_wconf 86' lang='lat' dir='ltr'><strong>plaeere</strong></span> <span class='ocrx_word' id='word_1_72' title='bbox 1129 878 1273 938; x_wconf 81' lang='lat' dir='ltr'><strong>virorum</strong></span> <span class='ocrx_word' id='word_1_73' title='bbox 1290 881 1472 958; x_wconf 76' lang='lat' dir='ltr'><strong>aspectibus</strong></span> <span class='ocrx_word' id='word_1_74' title='bbox 1487 883 1527 944; x_wconf 89' lang='lat' dir='ltr'><strong>ad</strong></span> <span class='ocrx_word' id='word_1_75' title='bbox 1542 889 1779 966; x_wconf 71' lang='lat' dir='ltr'><strong>concupiscen-</strong></span> 
     </span>
     <span class='ocr_line' id='line_1_8' title="bbox 145 953 1777 1044; baseline 0.007 -27"><span class='ocrx_word' id='word_1_76' title='bbox 145 959 237 1036; x_wconf 83' lang='lat' dir='ltr'><strong>ponit</strong></span> <span class='ocrx_word' id='word_1_77' title='bbox 250 955 336 1019; x_wconf 88' lang='lat' dir='ltr'><strong>cirea</strong></span> <span class='ocrx_word' id='word_1_78' title='bbox 357 956 438 1018; x_wconf 83' lang='lat' dir='ltr'><strong>lacta</strong></span> <span class='ocrx_word' id='word_1_79' title='bbox 456 961 489 1017; x_wconf 88' lang='lat' dir='ltr'><strong>et</strong></span> <span class='ocrx_word' id='word_1_80' title='bbox 505 956 608 1029; x_wconf 87' lang='lat' dir='ltr'><strong>dicta,</strong></span> <span class='ocrx_word' id='word_1_81' title='bbox 623 956 743 1034; x_wconf 89' lang='lat' dir='ltr'><strong>quibus</strong></span> <span class='ocrx_word' id='word_1_82' title='bbox 759 953 883 1033; x_wconf 90' lang='lat' dir='ltr'><strong>aliquid</strong></span> <span class='ocrx_word' id='word_1_83' title='bbox 898 953 937 1016; x_wconf 91' lang='lat' dir='ltr'><strong>de</strong></span> <span class='ocrx_word' id='word_1_84' title='bbox 986 954 1078 1023; x_wconf 81' lang='lat' dir='ltr'><strong>dum,</strong></span> <span class='ocrx_word' id='word_1_85' title='bbox 1093 957 1171 1034; x_wconf 91' lang='lat' dir='ltr'><strong>quia</strong></span> <span class='ocrx_word' id='word_1_86' title='bbox 1189 956 1251 1018; x_wconf 90' lang='lat' dir='ltr'><strong>boc</strong></span> <span class='ocrx_word' id='word_1_87' title='bbox 1267 963 1316 1020; x_wconf 89' lang='lat' dir='ltr'><strong>est</strong></span> <span class='ocrx_word' id='word_1_88' title='bbox 1331 959 1408 1020; x_wconf 88' lang='lat' dir='ltr'><strong>dare</strong></span> <span class='ocrx_word' id='word_1_89' title='bbox 1423 960 1468 1020; x_wconf 86' lang='lat' dir='ltr'><strong>eis</strong></span> <span class='ocrx_word' id='word_1_90' title='bbox 1483 961 1679 1025; x_wconf 84' lang='lat' dir='ltr'><strong>incentivum</strong></span> <span class='ocrx_word' id='word_1_91' title='bbox 1697 981 1777 1044; x_wconf 88' lang='lat' dir='ltr'><strong>pec-</strong></span> 
     </span>
     <span class='ocr_line' id='line_1_9' title="bbox 144 1033 1779 1114; baseline 0.005 -18"><span class='ocrx_word' id='word_1_92' title='bbox 144 1041 233 1104; x_wconf 84' lang='lat' dir='ltr'><strong>statu</strong></span> <span class='ocrx_word' id='word_1_93' title='bbox 246 1035 388 1098; x_wconf 81' lang='lat' dir='ltr'><strong>bominis</strong></span> <span class='ocrx_word' id='word_1_94' title='bbox 402 1034 611 1114; x_wconf 71' lang='lat' dir='ltr'><strong>significetur.</strong></span> <span class='ocrx_word' id='word_1_95' title='bbox 986 1033 1092 1095; x_wconf 79' lang='lat' dir='ltr'><strong>cendi.</strong></span> <span class='ocrx_word' id='word_1_96' title='bbox 1108 1035 1148 1096; x_wconf 85' lang='lat' dir='ltr'><strong>Et</strong></span> <span class='ocrx_word' id='word_1_97' title='bbox 1162 1033 1189 1095; x_wconf 86' lang='lat' dir='ltr'><strong>si</strong></span> <span class='ocrx_word' id='word_1_98' title='bbox 1205 1035 1334 1114; x_wconf 88' lang='lat' dir='ltr'><strong>quidem</strong></span> <span class='ocrx_word' id='word_1_99' title='bbox 1349 1035 1410 1099; x_wconf 80' lang='lat' dir='ltr'><strong>lide</strong></span> <span class='ocrx_word' id='word_1_100' title='bbox 1423 1039 1602 1102; x_wconf 87' lang='lat' dir='ltr'><strong>intentione</strong></span> <span class='ocrx_word' id='word_1_101' title='bbox 1613 1059 1647 1103; x_wconf 87' lang='lat' dir='ltr'><strong>se</strong></span> <span class='ocrx_word' id='word_1_102' title='bbox 1662 1050 1779 1106; x_wconf 91' lang='lat' dir='ltr'><strong>ornent</strong></span> 
     </span>
     <span class='ocr_line' id='line_1_10' title="bbox 146 1111 1783 1195; baseline 0.007 -23"><span class='ocrx_word' id='word_1_103' title='bbox 146 1118 328 1179; x_wconf 74' lang='lat' dir='ltr'><strong>Anmcuuus</strong></span> <span class='ocrx_word' id='word_1_104' title='bbox 343 1131 379 1175; x_wconf 87' lang='grc' dir='ltr'><strong>ιι.</strong></span> <span class='ocrx_word' id='word_1_105' title='bbox 394 1147 432 1159; x_wconf 89' lang='lat'><em>-</em></span> <span class='ocrx_word' id='word_1_106' title='bbox 445 1111 558 1176; x_wconf 76' lang='lat' dir='ltr'><strong>Utreim</strong></span> <span class='ocrx_word' id='word_1_107' title='bbox 573 1120 705 1173; x_wconf 73' lang='lat' dir='ltr'><strong>omuteee</strong></span> <span class='ocrx_word' id='word_1_108' title='bbox 716 1112 881 1174; x_wconf 73' lang='lat' dir='ltr'><strong>molimen</strong></span> <span class='ocrx_word' id='word_1_109' title='bbox 894 1112 937 1173; x_wconf 90' lang='lat' dir='ltr'><strong>eit</strong></span> <span class='ocrx_word' id='word_1_110' title='bbox 986 1115 1024 1172; x_wconf 84' lang='lat' dir='ltr'><strong>nt</strong></span> <span class='ocrx_word' id='word_1_111' title='bbox 1037 1113 1119 1175; x_wconf 87' lang='lat' dir='ltr'><strong>alios</strong></span> <span class='ocrx_word' id='word_1_112' title='bbox 1136 1118 1311 1192; x_wconf 78' lang='lat' dir='ltr'><strong>provocent</strong></span> <span class='ocrx_word' id='word_1_113' title='bbox 1324 1115 1362 1177; x_wconf 88' lang='lat' dir='ltr'><strong>ad</strong></span> <span class='ocrx_word' id='word_1_114' title='bbox 1377 1118 1680 1195; x_wconf 88' lang='lat' dir='ltr'><strong>concupiscentiam,</strong></span> <span class='ocrx_word' id='word_1_115' title='bbox 1694 1139 1783 1182; x_wconf 77' lang='lat' dir='ltr'><strong>mor·</strong></span> 
     </span>
    </p>

    <p class='ocr_par' dir='ltr' id='par_1_3' title="bbox 61 1191 1780 1431">
     <span class='ocr_line' id='line_1_11' title="bbox 185 1191 1778 1329; baseline 0.006 -75"><span class='ocrx_word' id='word_1_116' title='bbox 185 1195 253 1256; x_wconf 84' lang='lat' dir='ltr'><strong>eine</strong></span> <span class='ocrx_word' id='word_1_117' title='bbox 261 1200 389 1272; x_wconf 83' lang='lat' dir='ltr'><strong>peccato</strong></span> <span class='ocrx_word' id='word_1_118' title='bbox 404 1192 543 1292; x_wconf 65' lang='lat' dir='ltr'><strong>merloti.</strong></span> <span class='ocrx_word' id='word_1_119' title='bbox 556 1225 595 1236; x_wconf 90' lang='lat'><strong>-·</strong></span> <span class='ocrx_word' id='word_1_120' title='bbox 608 1191 652 1270; x_wconf 91' lang='grc'><strong>(0</strong></span> <span class='ocrx_word' id='word_1_121' title='bbox 713 1209 741 1252; x_wconf 84' lang='grc' dir='ltr'><strong>ι.</strong></span> <span class='ocrx_word' id='word_1_122' title='bbox 756 1191 807 1267; x_wconf 79' lang='lat'><strong>57,</strong></span> <span class='ocrx_word' id='word_1_123' title='bbox 823 1209 890 1272; x_wconf 82' lang='lat' dir='ltr'><strong>cap.</strong></span> <span class='ocrx_word' id='word_1_124' title='bbox 904 1191 936 1264; x_wconf 80' lang='lat'><strong>8,</strong></span> <span class='ocrx_word' id='word_1_125' title='bbox 987 1191 1094 1329; x_wconf 69' lang='lat' dir='ltr'><strong>telliter</strong></span> <span class='ocrx_word' id='word_1_126' title='bbox 1107 1199 1240 1272; x_wconf 87' lang='lat' dir='ltr'><strong>peccant</strong></span> <span class='ocrx_word' id='word_1_127' title='bbox 1250 1213 1258 1266; x_wconf 80' lang='lat'>3</span> <span class='ocrx_word' id='word_1_128' title='bbox 1270 1195 1298 1256; x_wconf 90' lang='lat' dir='ltr'><strong>si</strong></span> <span class='ocrx_word' id='word_1_129' title='bbox 1312 1199 1419 1256; x_wconf 89' lang='lat' dir='ltr'><strong>autem</strong></span> <span class='ocrx_word' id='word_1_130' title='bbox 1430 1214 1474 1289; x_wconf 69' lang='lat' dir='ltr'><strong>ex</strong></span> <span class='ocrx_word' id='word_1_131' title='bbox 1486 1195 1625 1274; x_wconf 79' lang='lat' dir='ltr'><strong>quddam</strong></span> <span class='ocrx_word' id='word_1_132' title='bbox 1638 1198 1778 1290; x_wconf 73' lang='lat' dir='ltr'><strong>levitate,</strong></span> 
     </span>
     <span class='ocr_line' id='line_1_12' title="bbox 61 1269 1780 1431; baseline 0.006 -22"><span class='ocrx_word' id='word_1_133' title='bbox 61 1304 62 1327; x_wconf 29' lang='lat'><strong>³</strong></span> <span class='ocrx_word' id='word_1_134' title='bbox 185 1269 780 1427; x_wconf 48' lang='grc' dir='ltr'><strong>Ϊιιιιῖιέἆηξιῒιιιαιῗοὺἔιῖιιξιιιῗιθιὲ.ἵι)</strong></span> <span class='ocrx_word' id='word_1_135' title='bbox 804 1347 939 1409; x_wconf 82' lang='lat' dir='ltr'><strong>Videtur</strong></span> <span class='ocrx_word' id='word_1_136' title='bbox 987 1272 1780 1431; x_wconf 41' lang='grc' dir='ltr'><strong>ινιξιιιξῑιιῗιῐιῃιιῗιῖιἓιῗιῗάῗιιιιιὶηηιῐιιιιιξιᾶῐξὲιρέξᾞέἓὶῗιζ</strong></span> 
     </span>
    </p>
   </div>
   <div class='ocr_carea' id='block_1_3' title="bbox 61 1373 1782 2043">
    <p class='ocr_par' dir='ltr' id='par_1_4' title="bbox 146 1373 1781 1654">
     <span class='ocr_line' id='line_1_13' title="bbox 146 1373 1780 1510; baseline 0.002 -17"><span class='ocrx_word' id='word_1_137' title='bbox 146 1430 232 1509; x_wconf 84' lang='lat' dir='ltr'><strong>qubd</strong></span> <span class='ocrx_word' id='word_1_138' title='bbox 248 1435 382 1492; x_wconf 80' lang='lat' dir='ltr'><strong>ornatus</strong></span> <span class='ocrx_word' id='word_1_139' title='bbox 398 1429 571 1489; x_wconf 82' lang='lat' dir='ltr'><strong>mulierum</strong></span> <span class='ocrx_word' id='word_1_140' title='bbox 585 1445 653 1488; x_wconf 91' lang='lat' dir='ltr'><strong>uon</strong></span> <span class='ocrx_word' id='word_1_141' title='bbox 665 1426 938 1505; x_wconf 79' lang='lat' dir='ltr'><strong>sitsinopomato</strong></span> <span class='ocrx_word' id='word_1_142' title='bbox 988 1428 1141 1502; x_wconf 83' lang='lat' dir='ltr'><strong>mortale,</strong></span> <span class='ocrx_word' id='word_1_143' title='bbox 1160 1429 1214 1490; x_wconf 90' lang='lat' dir='ltr'><strong>sed</strong></span> <span class='ocrx_word' id='word_1_144' title='bbox 1233 1431 1428 1510; x_wconf 89' lang='lat' dir='ltr'><strong>quandoque</strong></span> <span class='ocrx_word' id='word_1_145' title='bbox 1450 1431 1586 1494; x_wconf 84' lang='lat' dir='ltr'><strong>veniale.</strong></span> <span class='ocrx_word' id='word_1_146' title='bbox 1609 1373 1648 1492; x_wconf 48' lang='lat' dir='ltr'><strong>Et</strong></span> <span class='ocrx_word' id='word_1_147' title='bbox 1669 1434 1780 1497; x_wconf 86' lang='lat' dir='ltr'><strong>eadem</strong></span> 
     </span>
     <span class='ocr_line' id='line_1_14' title="bbox 148 1505 1781 1654; baseline 0.002 -84"><span class='ocrx_word' id='word_1_148' title='bbox 148 1509 288 1573; x_wconf 73' lang='lat' dir='ltr'><strong>mortali.</strong></span> <span class='ocrx_word' id='word_1_149' title='bbox 300 1506 405 1570; x_wconf 83' lang='lat' dir='ltr'><strong>Omne</strong></span> <span class='ocrx_word' id='word_1_150' title='bbox 421 1507 508 1568; x_wconf 89' lang='lat' dir='ltr'><strong>onim</strong></span> <span class='ocrx_word' id='word_1_151' title='bbox 520 1506 608 1585; x_wconf 91' lang='lat' dir='ltr'><strong>quod</strong></span> <span class='ocrx_word' id='word_1_152' title='bbox 625 1509 676 1568; x_wconf 88' lang='lat' dir='ltr'><strong>est</strong></span> <span class='ocrx_word' id='word_1_153' title='bbox 689 1509 940 1646; x_wconf 40' lang='lat' dir='ltr'><strong>contemne&amp;</strong></span> <span class='ocrx_word' id='word_1_154' title='bbox 988 1505 1247 1654; x_wconf 22' lang='grc' dir='ltr'><strong>ιιι18ιὲΙιιιξιςιίιὶιιιιιὶιιὶιι1</strong></span> <span class='ocrx_word' id='word_1_155' title='bbox 1250 1508 1302 1648; x_wconf 50' lang='grc' dir='ltr'><strong>1ιιιιὲ</strong></span> <span class='ocrx_word' id='word_1_156' title='bbox 1315 1509 1375 1649; x_wconf 57' lang='grc' dir='ltr'><strong>ιέιῑι</strong></span> <span class='ocrx_word' id='word_1_157' title='bbox 1390 1515 1437 1650; x_wconf 43' lang='lat' dir='ltr'><strong>git</strong></span> <span class='ocrx_word' id='word_1_158' title='bbox 1446 1510 1595 1652; x_wconf 53' lang='grc' dir='ltr'><strong>ξὲεζιιὲἰὶ.</strong></span> <span class='ocrx_word' id='word_1_159' title='bbox 1609 1512 1781 1651; x_wconf 48' lang='lat' dir='ltr'><strong>Unqdiesdul-</strong></span> 
     </span>
    </p>

    <p class='ocr_par' dir='ltr' id='par_1_5' title="bbox 61 1601 1782 2043">
     <span class='ocr_line' id='line_1_15' title="bbox 853 1607 1779 1663; baseline 0.01 -20"><span class='ocrx_word' id='word_1_160' title='bbox 853 1627 861 1643; x_wconf 95' lang='lat'><strong>.</strong></span> <span class='ocrx_word' id='word_1_161' title='bbox 1326 1607 1336 1647; x_wconf 93' lang='grc' dir='ltr'><strong>ι</strong></span> <span class='ocrx_word' id='word_1_162' title='bbox 1367 1631 1377 1648; x_wconf 87' lang='grc'><strong>.</strong></span> <span class='ocrx_word' id='word_1_163' title='bbox 1559 1609 1635 1663; x_wconf 87' lang='lat' dir='ltr'><strong>rm,</strong></span> <span class='ocrx_word' id='word_1_164' title='bbox 1735 1609 1779 1653; x_wconf 92' lang='lat' dir='ltr'><strong>a.</strong></span> 
     </span>
     <span class='ocr_line' id='line_1_16' title="bbox 147 1601 1780 1742; baseline 0.004 -17"><span class='ocrx_word' id='word_1_165' title='bbox 147 1672 282 1728; x_wconf 90' lang='lat' dir='ltr'><strong>ornatus</strong></span> <span class='ocrx_word' id='word_1_166' title='bbox 302 1665 473 1725; x_wconf 89' lang='lat' dir='ltr'><strong>mulierum</strong></span> <span class='ocrx_word' id='word_1_167' title='bbox 491 1670 540 1726; x_wconf 91' lang='lat' dir='ltr'><strong>est</strong></span> <span class='ocrx_word' id='word_1_168' title='bbox 553 1670 666 1726; x_wconf 82' lang='lat' dir='ltr'><strong>eontra</strong></span> <span class='ocrx_word' id='word_1_169' title='bbox 679 1667 875 1741; x_wconf 81' lang='lat' dir='ltr'><strong>praeceptum</strong></span> <span class='ocrx_word' id='word_1_170' title='bbox 887 1663 939 1722; x_wconf 66' lang='lat' dir='ltr'><strong>dl.</strong></span> <span class='ocrx_word' id='word_1_171' title='bbox 987 1601 1039 1735; x_wconf 52' lang='lat' dir='ltr'><strong>gg,</strong></span> <span class='ocrx_word' id='word_1_172' title='bbox 1053 1661 1187 1742; x_wconf 75' lang='lat' dir='ltr'><strong>pantos</strong></span> <span class='ocrx_word' id='word_1_173' title='bbox 1204 1605 1330 1742; x_wconf 66' lang='lat' dir='ltr'><strong>princp:</strong></span> <span class='ocrx_word' id='word_1_174' title='bbox 1347 1689 1360 1722; x_wconf 81' lang='grc' dir='ltr'><strong>ι</strong></span> <span class='ocrx_word' id='word_1_175' title='bbox 1379 1668 1459 1728; x_wconf 91' lang='lat' dir='ltr'><strong>Nolo</strong></span> <span class='ocrx_word' id='word_1_176' title='bbox 1474 1671 1510 1728; x_wconf 88' lang='lat' dir='ltr'><strong>ut</strong></span> <span class='ocrx_word' id='word_1_177' title='bbox 1526 1667 1564 1730; x_wconf 90' lang='lat' dir='ltr'><strong>do</strong></span> <span class='ocrx_word' id='word_1_178' title='bbox 1582 1635 1780 1732; x_wconf 67' lang='lat' dir='ltr'><strong>ornamc&#39;ntis</strong></span> 
     </span>
     <span class='ocr_line' id='line_1_17' title="bbox 61 1741 1782 1826; baseline 0.003 -22"><span class='ocrx_word' id='word_1_179' title='bbox 61 1752 62 1757; x_wconf 76' lang='grc'>’</span> <span class='ocrx_word' id='word_1_180' title='bbox 147 1741 936 1824; x_wconf 75' lang='lat' dir='ltr'><strong>vineleqisrdiciturenimlPotritt‚3:anrurn.</strong></span> <span class='ocrx_word' id='word_1_181' title='bbox 989 1743 1168 1813; x_wconf 70' lang='lat' dir='ltr'><strong>«numid</strong></span> <span class='ocrx_word' id='word_1_182' title='bbox 1177 1743 1275 1804; x_wconf 54' lang='lat' dir='ltr'><strong>‘vestis</strong></span> <span class='ocrx_word' id='word_1_183' title='bbox 1287 1759 1522 1824; x_wconf 78' lang='lat' dir='ltr'><strong>praeproperam</strong></span> <span class='ocrx_word' id='word_1_184' title='bbox 1535 1747 1652 1808; x_wconf 87' lang='lat' dir='ltr'><strong>babeas</strong></span> <span class='ocrx_word' id='word_1_185' title='bbox 1663 1749 1695 1810; x_wconf 90' lang='lat' dir='ltr'><strong>in</strong></span> <span class='ocrx_word' id='word_1_186' title='bbox 1706 1753 1782 1826; x_wconf 63' lang='lat' dir='ltr'><strong>pross</strong></span> 
     </span>
     <span class='ocr_line' id='line_1_18' title="bbox 148 1818 1781 1906; baseline 0.002 -22"><span class='ocrx_word' id='word_1_187' title='bbox 148 1825 269 1884; x_wconf 89' lang='lat' dir='ltr'><strong>scilicet</strong></span> <span class='ocrx_word' id='word_1_188' title='bbox 283 1822 472 1894; x_wconf 88' lang='lat' dir='ltr'><strong>mulierum,</strong></span> <span class='ocrx_word' id='word_1_189' title='bbox 487 1839 552 1882; x_wconf 87' lang='lat' dir='ltr'><strong>non</strong></span> <span class='ocrx_word' id='word_1_190' title='bbox 566 1822 607 1882; x_wconf 86' lang='lat' dir='ltr'><strong>sit</strong></span> <span class='ocrx_word' id='word_1_191' title='bbox 624 1818 818 1881; x_wconf 66' lang='lat' dir='ltr'><strong>extrinsecis</strong></span> <span class='ocrx_word' id='word_1_192' title='bbox 832 1820 940 1898; x_wconf 82' lang='lat' dir='ltr'><strong>cepit·</strong></span> <span class='ocrx_word' id='word_1_193' title='bbox 989 1841 1005 1875; x_wconf 83' lang='grc' dir='ltr'><strong>ι</strong></span> <span class='ocrx_word' id='word_1_194' title='bbox 1023 1820 1161 1881; x_wconf 89' lang='lat' dir='ltr'><strong>bibendo</strong></span> <span class='ocrx_word' id='word_1_195' title='bbox 1175 1823 1385 1896; x_wconf 84' lang='lat' dir='ltr'><strong>sententiam,</strong></span> <span class='ocrx_word' id='word_1_196' title='bbox 1402 1825 1462 1884; x_wconf 89' lang='lat' dir='ltr'><strong>nisi</strong></span> <span class='ocrx_word' id='word_1_197' title='bbox 1482 1824 1516 1884; x_wconf 90' lang='lat' dir='ltr'><strong>in</strong></span> <span class='ocrx_word' id='word_1_198' title='bbox 1533 1841 1587 1885; x_wconf 90' lang='lat' dir='ltr'><strong>eos</strong></span> <span class='ocrx_word' id='word_1_199' title='bbox 1604 1827 1659 1903; x_wconf 90' lang='lat' dir='ltr'><strong>qui</strong></span> <span class='ocrx_word' id='word_1_200' title='bbox 1676 1845 1781 1906; x_wconf 89' lang='lat' dir='ltr'><strong>nequo</strong></span> 
     </span>
     <span class='ocr_line' id='line_1_19' title="bbox 146 1897 1779 2043; baseline 0.001 -79"><span class='ocrx_word' id='word_1_201' title='bbox 146 1905 271 1968; x_wconf 83' lang='lat' dir='ltr'><strong>loturo,</strong></span> <span class='ocrx_word' id='word_1_202' title='bbox 289 1909 343 1962; x_wconf 84' lang='lat' dir='ltr'><strong>ent</strong></span> <span class='ocrx_word' id='word_1_203' title='bbox 357 1899 562 1961; x_wconf 65' lang='lat' dir='ltr'><strong>eircnmdmo</strong></span> <span class='ocrx_word' id='word_1_204' title='bbox 579 1899 668 1965; x_wconf 83' lang='lat' dir='ltr'><strong>nuri,</strong></span> <span class='ocrx_word' id='word_1_205' title='bbox 690 1906 746 1959; x_wconf 80' lang='lat' dir='ltr'><strong>out</strong></span> <span class='ocrx_word' id='word_1_206' title='bbox 765 1897 940 1960; x_wconf 73' lang='lat' dir='ltr'><strong>indumenti</strong></span> <span class='ocrx_word' id='word_1_207' title='bbox 989 1899 1184 1978; x_wconf 77' lang='lat' dir='ltr'><strong>«conjugati</strong></span> <span class='ocrx_word' id='word_1_208' title='bbox 1200 1907 1287 1973; x_wconf 90' lang='lat' dir='ltr'><strong>sunt,</strong></span> <span class='ocrx_word' id='word_1_209' title='bbox 1301 1919 1406 1980; x_wconf 89' lang='lat' dir='ltr'><strong>neque</strong></span> <span class='ocrx_word' id='word_1_210' title='bbox 1420 1903 1586 1982; x_wconf 80' lang='lat' dir='ltr'><strong>conjugari</strong></span> <span class='ocrx_word' id='word_1_211' title='bbox 1603 1906 1779 2043; x_wconf 60' lang='lat' dir='ltr'><strong>cussientes,</strong></span> 
     </span>
    </p>
   </div>
   <div class='ocr_carea' id='block_1_4' title="bbox 61 1586 786 1666">
    <p class='ocr_par' dir='ltr' id='par_1_6' title="bbox 61 1586 786 1666">
     <span class='ocr_line' id='line_1_20' title="bbox 61 1586 786 1666; baseline 0.003 -23"><span class='ocrx_word' id='word_1_212' title='bbox 61 1634 62 1643; x_wconf 73' lang='grc'><strong>,</strong></span> <span class='ocrx_word' id='word_1_213' title='bbox 125 1619 130 1630; x_wconf 83' lang='grc'><em>·</em></span> <span class='ocrx_word' id='word_1_214' title='bbox 145 1594 237 1666; x_wconf 86' lang='lat' dir='ltr'><strong>ptum</strong></span> <span class='ocrx_word' id='word_1_215' title='bbox 250 1586 368 1649; x_wconf 79' lang='lat' dir='ltr'><strong>divine</strong></span> <span class='ocrx_word' id='word_1_216' title='bbox 380 1587 461 1666; x_wconf 76' lang='lat' dir='ltr'><strong>legis</strong></span> <span class='ocrx_word' id='word_1_217' title='bbox 474 1590 523 1648; x_wconf 79' lang='lat' dir='ltr'><strong>eet</strong></span> <span class='ocrx_word' id='word_1_218' title='bbox 537 1590 704 1664; x_wconf 69' lang='lat' dir='ltr'><strong>peccatum</strong></span> <span class='ocrx_word' id='word_1_219' title='bbox 714 1602 786 1645; x_wconf 91' lang='lat' dir='ltr'><strong>mor</strong></span> 
     </span>
    </p>
   </div>
   <div class='ocr_carea' id='block_1_5' title="bbox 61 1972 1815 2684">
    <p class='ocr_par' dir='ltr' id='par_1_7' title="bbox 61 1972 1815 2450">
     <span class='ocr_line' id='line_1_21' title="bbox 145 1972 1783 2058; baseline 0.002 -16"><span class='ocrx_word' id='word_1_220' title='bbox 145 1972 398 2042; x_wconf 69' lang='lat' dir='ltr'><strong>vestimentorum</strong></span> <span class='ocrx_word' id='word_1_221' title='bbox 408 1978 536 2039; x_wconf 70' lang='lat' dir='ltr'><strong>muns:</strong></span> <span class='ocrx_word' id='word_1_222' title='bbox 553 1977 639 2038; x_wconf 88' lang='lat' dir='ltr'><strong>uude</strong></span> <span class='ocrx_word' id='word_1_223' title='bbox 653 1976 730 2038; x_wconf 92' lang='lat' dir='ltr'><strong>dicit</strong></span> <span class='ocrx_word' id='word_1_224' title='bbox 747 1977 862 2038; x_wconf 86' lang='lat' dir='ltr'><strong>Glossa</strong></span> <span class='ocrx_word' id='word_1_225' title='bbox 874 1976 940 2055; x_wconf 79' lang='lat' dir='ltr'><strong>Cy·</strong></span> <span class='ocrx_word' id='word_1_226' title='bbox 990 1996 1007 2032; x_wconf 80' lang='grc' dir='ltr'><strong>ι</strong></span> <span class='ocrx_word' id='word_1_227' title='bbox 1023 1979 1163 2056; x_wconf 73' lang='lat' dir='ltr'><strong>cogitare</strong></span> <span class='ocrx_word' id='word_1_228' title='bbox 1174 1977 1290 2039; x_wconf 88' lang='lat' dir='ltr'><strong>debent</strong></span> <span class='ocrx_word' id='word_1_229' title='bbox 1302 1980 1464 2056; x_wconf 86' lang='lat' dir='ltr'><strong>quomodd</strong></span> <span class='ocrx_word' id='word_1_230' title='bbox 1477 1983 1625 2058; x_wconf 85' lang='lat' dir='ltr'><strong>placeant</strong></span> <span class='ocrx_word' id='word_1_231' title='bbox 1667 1998 1716 2045; x_wconf 88' lang='lat' dir='ltr'><strong>co.</strong></span> <span class='ocrx_word' id='word_1_232' title='bbox 1730 1982 1783 2046; x_wconf 86' lang='lat' dir='ltr'><strong>llli</strong></span> 
     </span>
     <span class='ocr_line' id='line_1_22' title="bbox 61 2055 1783 2139; baseline 0.002 -18"><span class='ocrx_word' id='word_1_233' title='bbox 61 2088 62 2121; x_wconf 70' lang='lat' dir='ltr'><strong>t</strong></span> <span class='ocrx_word' id='word_1_234' title='bbox 146 2060 255 2136; x_wconf 89' lang='lat' dir='ltr'><strong>priaui</strong></span> <span class='ocrx_word' id='word_1_235' title='bbox 272 2055 354 2138; x_wconf 88' lang='lat' dir='ltr'><strong>(ord.</strong></span> <span class='ocrx_word' id='word_1_236' title='bbox 367 2057 423 2118; x_wconf 93' lang='lat' dir='ltr'><strong>lib.</strong></span> <span class='ocrx_word' id='word_1_237' title='bbox 436 2057 607 2118; x_wconf 84' lang='lat' dir='ltr'><strong>dellabitu</strong></span> <span class='ocrx_word' id='word_1_238' title='bbox 622 2055 671 2115; x_wconf 79' lang='lat' dir='ltr'><strong>eir</strong></span> <span class='ocrx_word' id='word_1_239' title='bbox 708 2055 816 2126; x_wconf 83' lang='lat' dir='ltr'><strong>‚eirea</strong></span> <span class='ocrx_word' id='word_1_240' title='bbox 828 2055 938 2135; x_wconf 79' lang='lat' dir='ltr'><strong>med.)e</strong></span> <span class='ocrx_word' id='word_1_241' title='bbox 990 2059 1130 2118; x_wconf 84' lang='lat' dir='ltr'><strong>«autem</strong></span> <span class='ocrx_word' id='word_1_242' title='bbox 1146 2057 1286 2135; x_wconf 83' lang='lat' dir='ltr'><strong>cogitant</strong></span> <span class='ocrx_word' id='word_1_243' title='bbox 1300 2073 1373 2134; x_wconf 81' lang='lat' dir='ltr'><strong>quae</strong></span> <span class='ocrx_word' id='word_1_244' title='bbox 1387 2062 1463 2119; x_wconf 90' lang='lat' dir='ltr'><strong>sunt</strong></span> <span class='ocrx_word' id='word_1_245' title='bbox 1480 2060 1783 2139; x_wconf 90' lang='lat' dir='ltr'><strong>mundi,qu0modb</strong></span> 
     </span>
     <span class='ocr_line' id='line_1_23' title="bbox 145 2132 1815 2214; baseline 0.001 -14"><span class='ocrx_word' id='word_1_246' title='bbox 145 2137 255 2200; x_wconf 82' lang='lat' dir='ltr'><strong>Serico</strong></span> <span class='ocrx_word' id='word_1_247' title='bbox 275 2145 304 2198; x_wconf 90' lang='lat' dir='ltr'><strong>et</strong></span> <span class='ocrx_word' id='word_1_248' title='bbox 320 2138 469 2214; x_wconf 74' lang='lat' dir='ltr'><strong>perperit</strong></span> <span class='ocrx_word' id='word_1_249' title='bbox 488 2134 623 2200; x_wconf 80' lang='lat' dir='ltr'><strong>indute,</strong></span> <span class='ocrx_word' id='word_1_250' title='bbox 645 2134 669 2194; x_wconf 87' lang='lat' dir='ltr'><em>C</em></span> <span class='ocrx_word' id='word_1_251' title='bbox 692 2135 805 2195; x_wconf 77' lang='lat' dir='ltr'><strong>rlernn</strong></span> <span class='ocrx_word' id='word_1_252' title='bbox 822 2132 942 2194; x_wconf 78' lang='lat' dir='ltr'><strong>sinceri</strong></span> <span class='ocrx_word' id='word_1_253' title='bbox 991 2133 1172 2211; x_wconf 79' lang='lat' dir='ltr'><strong>«placeant</strong></span> <span class='ocrx_word' id='word_1_254' title='bbox 1190 2134 1242 2194; x_wconf 88' lang='lat' dir='ltr'><strong>vel</strong></span> <span class='ocrx_word' id='word_1_255' title='bbox 1266 2134 1326 2195; x_wconf 80' lang='lat' dir='ltr'><strong>viri</strong></span> <span class='ocrx_word' id='word_1_256' title='bbox 1353 2137 1528 2209; x_wconf 79' lang='lat' dir='ltr'><strong>uxoribus,</strong></span> <span class='ocrx_word' id='word_1_257' title='bbox 1555 2138 1605 2198; x_wconf 83' lang='lat' dir='ltr'><strong>vel</strong></span> <span class='ocrx_word' id='word_1_258' title='bbox 1630 2140 1782 2202; x_wconf 88' lang='lat' dir='ltr'><strong>mulieres</strong></span> <span class='ocrx_word' id='word_1_259' title='bbox 1813 2177 1815 2181; x_wconf 29' lang='grc' dir='ltr'><strong>ι</strong></span> 
     </span>
     <span class='ocr_line' id='line_1_24' title="bbox 145 2210 1781 2294; baseline 0.002 -17"><span class='ocrx_word' id='word_1_260' title='bbox 145 2214 277 2278; x_wconf 64' lang='lat' dir='ltr'><strong>ireddere</strong></span> <span class='ocrx_word' id='word_1_261' title='bbox 292 2233 360 2275; x_wconf 87' lang='lat' dir='ltr'><strong>non</strong></span> <span class='ocrx_word' id='word_1_262' title='bbox 375 2220 510 2292; x_wconf 81' lang='lat' dir='ltr'><strong>posenni</strong></span> <span class='ocrx_word' id='word_1_263' title='bbox 523 2233 536 2272; x_wconf 92' lang='lat'><strong>.·</strong></span> <span class='ocrx_word' id='word_1_264' title='bbox 551 2229 631 2272; x_wconf 80' lang='lat' dir='ltr'><strong>oeteo</strong></span> <span class='ocrx_word' id='word_1_265' title='bbox 644 2220 674 2272; x_wconf 86' lang='lat' dir='ltr'><strong>et</strong></span> <span class='ocrx_word' id='word_1_266' title='bbox 686 2211 868 2288; x_wconf 81' lang='lat' dir='ltr'><strong>marporitie</strong></span> <span class='ocrx_word' id='word_1_267' title='bbox 879 2210 941 2271; x_wconf 57' lang='lat' dir='ltr'><strong>od*</strong></span> <span class='ocrx_word' id='word_1_268' title='bbox 991 2232 1007 2268; x_wconf 87' lang='grc' dir='ltr'><strong>ιι</strong></span> <span class='ocrx_word' id='word_1_269' title='bbox 1024 2212 1234 2273; x_wconf 78' lang='lat' dir='ltr'><strong>maritistnisi</strong></span> <span class='ocrx_word' id='word_1_270' title='bbox 1246 2213 1331 2290; x_wconf 88' lang='lat' dir='ltr'><strong>qudd</strong></span> <span class='ocrx_word' id='word_1_271' title='bbox 1344 2214 1477 2292; x_wconf 82' lang='lat' dir='ltr'><strong>capillos</strong></span> <span class='ocrx_word' id='word_1_272' title='bbox 1488 2215 1610 2278; x_wconf 86' lang='lat' dir='ltr'><strong>nudare</strong></span> <span class='ocrx_word' id='word_1_273' title='bbox 1621 2216 1781 2294; x_wconf 76' lang='lat' dir='ltr'><strong>terminas,</strong></span> 
     </span>
     <span class='ocr_line' id='line_1_25' title="bbox 148 2290 1782 2429; baseline 0.004 -77"><span class='ocrx_word' id='word_1_274' title='bbox 148 2301 278 2361; x_wconf 74' lang='grc' dir='ltr'><strong>ονιιιιιιι,</strong></span> <span class='ocrx_word' id='word_1_275' title='bbox 289 2300 318 2353; x_wconf 87' lang='lat' dir='ltr'><strong>et</strong></span> <span class='ocrx_word' id='word_1_276' title='bbox 328 2291 700 2357; x_wconf 77' lang='lat' dir='ltr'><strong>moniltbin,.ornnmento</strong></span> <span class='ocrx_word' id='word_1_277' title='bbox 708 2290 818 2350; x_wconf 83' lang='lat' dir='ltr'><strong>mentis</strong></span> <span class='ocrx_word' id='word_1_278' title='bbox 828 2297 858 2348; x_wconf 85' lang='lat' dir='ltr'><strong>et</strong></span> <span class='ocrx_word' id='word_1_279' title='bbox 867 2307 942 2350; x_wconf 83' lang='lat' dir='ltr'><strong>eor·</strong></span> <span class='ocrx_word' id='word_1_280' title='bbox 992 2306 1106 2368; x_wconf 86' lang='lat' dir='ltr'><strong>equas</strong></span> <span class='ocrx_word' id='word_1_281' title='bbox 1126 2291 1223 2352; x_wconf 87' lang='lat' dir='ltr'><strong>etiam</strong></span> <span class='ocrx_word' id='word_1_282' title='bbox 1244 2296 1341 2429; x_wconf 59' lang='lat' dir='ltr'><strong>eaXut</strong></span> <span class='ocrx_word' id='word_1_283' title='bbox 1360 2293 1466 2356; x_wconf 81' lang='lat' dir='ltr'><strong>velere</strong></span> <span class='ocrx_word' id='word_1_284' title='bbox 1484 2292 1656 2372; x_wconf 76' lang='lat' dir='ltr'><strong>Apostolus</strong></span> <span class='ocrx_word' id='word_1_285' title='bbox 1674 2296 1782 2377; x_wconf 87' lang='lat' dir='ltr'><strong>jubet,</strong></span> 
     </span>
     <span class='ocr_line' id='line_1_26' title="bbox 146 2365 1425 2450; baseline -0.001 -18"><span class='ocrx_word' id='word_1_286' title='bbox 146 2372 237 2450; x_wconf 86' lang='lat' dir='ltr'><strong>poris</strong></span> <span class='ocrx_word' id='word_1_287' title='bbox 255 2369 474 2450; x_wconf 82' lang='lat' dir='ltr'><strong>perdiderunt.</strong></span> <span class='ocrx_word' id='word_1_288' title='bbox 496 2367 556 2428; x_wconf 84' lang='lat' dir='ltr'><strong>Sed</strong></span> <span class='ocrx_word' id='word_1_289' title='bbox 576 2367 638 2430; x_wconf 89' lang='lat' dir='ltr'><strong>boc</strong></span> <span class='ocrx_word' id='word_1_290' title='bbox 662 2385 727 2427; x_wconf 91' lang='lat' dir='ltr'><strong>non</strong></span> <span class='ocrx_word' id='word_1_291' title='bbox 744 2365 780 2428; x_wconf 81' lang='lat' dir='ltr'><strong>fit</strong></span> <span class='ocrx_word' id='word_1_292' title='bbox 800 2366 862 2427; x_wconf 88' lang='lat' dir='ltr'><strong>nisi</strong></span> <span class='ocrx_word' id='word_1_293' title='bbox 882 2383 942 2445; x_wconf 85' lang='lat' dir='ltr'><strong>per</strong></span> <span class='ocrx_word' id='word_1_294' title='bbox 992 2385 1085 2430; x_wconf 82' lang='lat' dir='ltr'><strong>«nec</strong></span> <span class='ocrx_word' id='word_1_295' title='bbox 1101 2369 1266 2431; x_wconf 73' lang='lat' dir='ltr'><strong>rnamtatas</strong></span> <span class='ocrx_word' id='word_1_296' title='bbox 1300 2377 1379 2432; x_wconf 88' lang='lat' dir='ltr'><strong>ecct.</strong></span> <span class='ocrx_word' id='word_1_297' title='bbox 1398 2393 1425 2431; x_wconf 78' lang='grc' dir='ltr'><strong>ι.</strong></span> 
     </span>
    </p>

    <p class='ocr_par' dir='ltr' id='par_1_8' title="bbox 61 2445 1787 2684">
     <span class='ocr_line' id='line_1_27' title="bbox 61 2445 1784 2542; baseline 0.002 -30"><span class='ocrx_word' id='word_1_298' title='bbox 61 2498 62 2523; x_wconf 78' lang='grc'><strong>,</strong></span> <span class='ocrx_word' id='word_1_299' title='bbox 148 2451 315 2528; x_wconf 78' lang='lat' dir='ltr'><strong>peccatum</strong></span> <span class='ocrx_word' id='word_1_300' title='bbox 336 2447 484 2538; x_wconf 79' lang='lat' dir='ltr'><strong>mortale.</strong></span> <span class='ocrx_word' id='word_1_301' title='bbox 504 2447 591 2524; x_wconf 76' lang='lat' dir='ltr'><strong>Ergo</strong></span> <span class='ocrx_word' id='word_1_302' title='bbox 610 2450 746 2507; x_wconf 83' lang='lat' dir='ltr'><strong>ornatus</strong></span> <span class='ocrx_word' id='word_1_303' title='bbox 767 2445 941 2537; x_wconf 78' lang='lat' dir='ltr'><strong>mulierum</strong></span> <span class='ocrx_word' id='word_1_304' title='bbox 1030 2447 1067 2507; x_wconf 94' lang='lat' dir='ltr'><strong>ln</strong></span> <span class='ocrx_word' id='word_1_305' title='bbox 1078 2463 1144 2542; x_wconf 79' lang='lat' dir='ltr'><strong>quo</strong></span> <span class='ocrx_word' id='word_1_306' title='bbox 1155 2451 1260 2509; x_wconf 90' lang='lat' dir='ltr'><strong>tamon</strong></span> <span class='ocrx_word' id='word_1_307' title='bbox 1271 2463 1350 2510; x_wconf 86' lang='lat' dir='ltr'><strong>casu</strong></span> <span class='ocrx_word' id='word_1_308' title='bbox 1360 2455 1491 2528; x_wconf 86' lang='lat' dir='ltr'><strong>possent</strong></span> <span class='ocrx_word' id='word_1_309' title='bbox 1499 2449 1784 2532; x_wconf 76' lang='lat' dir='ltr'><strong>aliqumdpeecsto</strong></span> 
     </span>
     <span class='ocr_line' id='line_1_28' title="bbox 149 2523 1787 2684; baseline 0.004 -19"><span class='ocrx_word' id='word_1_310' title='bbox 149 2530 424 2677; x_wconf 55' lang='lat' dir='ltr'><strong>”bimi</strong></span> <span class='ocrx_word' id='word_1_311' title='bbox 438 2543 509 2683; x_wconf 58' lang='lat' dir='ltr'><strong>ti</strong></span> <span class='ocrx_word' id='word_1_312' title='bbox 524 2523 882 2670; x_wconf 61' lang='lat' dir='ltr'><strong>diffiniti...</strong></span> <span class='ocrx_word' id='word_1_313' title='bbox 901 2602 942 2665; x_wconf 68' lang='lat' dir='ltr'><strong>a.</strong></span> <span class='ocrx_word' id='word_1_314' title='bbox 990 2527 1787 2684; x_wconf 52' lang='lat' dir='ltr'><strong>:dissiliitmutilationislili:</strong></span> 
     </span>
    </p>
   </div>
   <div class='ocr_carea' id='block_1_6' title="bbox 61 2681 1787 2839">
    <p class='ocr_par' dir='ltr' id='par_1_9' title="bbox 61 2681 1787 2839">
     <span class='ocr_line' id='line_1_29' title="bbox 61 2681 1787 2762; baseline 0.003 -18"><span class='ocrx_word' id='word_1_315' title='bbox 61 2732 62 2761; x_wconf 72' lang='grc'><strong>,</strong></span> <span class='ocrx_word' id='word_1_316' title='bbox 147 2684 270 2746; x_wconf 83' lang='lat' dir='ltr'><strong>Habitu</strong></span> <span class='ocrx_word' id='word_1_317' title='bbox 290 2683 472 2762; x_wconf 74' lang='lat' dir='ltr'><strong>virginum,</strong></span> <span class='ocrx_word' id='word_1_318' title='bbox 498 2698 558 2743; x_wconf 91' lang='lat' dir='ltr'><strong>oco</strong></span> <span class='ocrx_word' id='word_1_319' title='bbox 572 2681 627 2742; x_wconf 83' lang='lat' dir='ltr'><strong>eit.</strong></span> <span class='ocrx_word' id='word_1_320' title='bbox 647 2701 655 2740; x_wconf 76' lang='grc' dir='ltr'><strong>ι</strong></span> <span class='ocrx_word' id='word_1_321' title='bbox 675 2704 689 2738; x_wconf 79' lang='grc' dir='ltr'><strong>ι</strong></span> <span class='ocrx_word' id='word_1_322' title='bbox 708 2682 778 2742; x_wconf 82' lang='lat' dir='ltr'><strong>lion</strong></span> <span class='ocrx_word' id='word_1_323' title='bbox 799 2681 941 2760; x_wconf 79' lang='lat' dir='ltr'><strong>virgines</strong></span> <span class='ocrx_word' id='word_1_324' title='bbox 991 2692 1086 2752; x_wconf 76' lang='lat' dir='ltr'><strong>uem3</strong></span> <span class='ocrx_word' id='word_1_325' title='bbox 1100 2684 1249 2761; x_wconf 74' lang='lat' dir='ltr'><strong>quemvis</strong></span> <span class='ocrx_word' id='word_1_326' title='bbox 1267 2685 1339 2746; x_wconf 88' lang='lat' dir='ltr'><strong>talis</strong></span> <span class='ocrx_word' id='word_1_327' title='bbox 1358 2686 1558 2748; x_wconf 82' lang='lat' dir='ltr'><strong>consuetudo</strong></span> <span class='ocrx_word' id='word_1_328' title='bbox 1574 2703 1640 2748; x_wconf 91' lang='lat' dir='ltr'><strong>nou</strong></span> <span class='ocrx_word' id='word_1_329' title='bbox 1656 2690 1697 2750; x_wconf 91' lang='lat' dir='ltr'><strong>sit</strong></span> <span class='ocrx_word' id='word_1_330' title='bbox 1711 2689 1787 2752; x_wconf 91' lang='lat' dir='ltr'><strong>lau-</strong></span> 
     </span>
     <span class='ocr_line' id='line_1_30' title="bbox 61 2759 1119 2839; baseline 0.002 -20"><span class='ocrx_word' id='word_1_331' title='bbox 61 2834 62 2839; x_wconf 9' lang='lat'><em>*</em></span> <span class='ocrx_word' id='word_1_332' title='bbox 150 2760 379 2827; x_wconf 81' lang='lat' dir='ltr'><strong>«tantdmaut</strong></span> <span class='ocrx_word' id='word_1_333' title='bbox 393 2761 524 2832; x_wconf 83' lang='lat' dir='ltr'><strong>viduas,</strong></span> <span class='ocrx_word' id='word_1_334' title='bbox 539 2759 595 2821; x_wconf 87' lang='lat' dir='ltr'><strong>sed</strong></span> <span class='ocrx_word' id='word_1_335' title='bbox 612 2764 644 2820; x_wconf 89' lang='lat' dir='ltr'><strong>ct</strong></span> <span class='ocrx_word' id='word_1_336' title='bbox 662 2765 780 2838; x_wconf 76' lang='lat' dir='ltr'><strong>nupnas</strong></span> <span class='ocrx_word' id='word_1_337' title='bbox 798 2763 895 2837; x_wconf 88' lang='lat' dir='ltr'><strong>puto,</strong></span> <span class='ocrx_word' id='word_1_338' title='bbox 910 2764 943 2820; x_wconf 84' lang='lat' dir='ltr'><strong>et</strong></span> <span class='ocrx_word' id='word_1_339' title='bbox 991 2760 1119 2823; x_wconf 88' lang='lat' dir='ltr'><strong>dabilis.</strong></span> 
     </span>
    </p>
   </div>
   <div class='ocr_carea' id='block_1_7' title="bbox 61 2837 1809 4963">
    <p class='ocr_par' dir='ltr' id='par_1_10' title="bbox 61 2837 1789 4013">
     <span class='ocr_line' id='line_1_31' title="bbox 149 2837 1787 2921; baseline 0.006 -23"><span class='ocrx_word' id='word_1_340' title='bbox 149 2857 294 2902; x_wconf 72' lang='lat' dir='ltr'><strong>«omues</strong></span> <span class='ocrx_word' id='word_1_341' title='bbox 308 2839 597 2902; x_wconf 79' lang='lat' dir='ltr'><strong>omuinblmmiuas·</strong></span> <span class='ocrx_word' id='word_1_342' title='bbox 607 2837 841 2910; x_wconf 83' lang='lat' dir='ltr'><strong>admonendas,</strong></span> <span class='ocrx_word' id='word_1_343' title='bbox 856 2837 942 2915; x_wconf 84' lang='lat' dir='ltr'><strong>qudd</strong></span> <span class='ocrx_word' id='word_1_344' title='bbox 1032 2839 1079 2903; x_wconf 83' lang='lat' dir='ltr'><strong>ad</strong></span> <span class='ocrx_word' id='word_1_345' title='bbox 1107 2840 1246 2918; x_wconf 89' lang='lat' dir='ltr'><strong>primum</strong></span> <span class='ocrx_word' id='word_1_346' title='bbox 1272 2857 1351 2921; x_wconf 83' lang='lat' dir='ltr'><strong>orgo</strong></span> <span class='ocrx_word' id='word_1_347' title='bbox 1378 2842 1548 2904; x_wconf 75' lang='lat' dir='ltr'><strong>oleandum</strong></span> <span class='ocrx_word' id='word_1_348' title='bbox 1571 2844 1677 2921; x_wconf 86' lang='lat' dir='ltr'><strong>qnod,</strong></span> <span class='ocrx_word' id='word_1_349' title='bbox 1704 2845 1787 2908; x_wconf 89' lang='lat' dir='ltr'><strong>sicut</strong></span> 
     </span>
     <span class='ocr_line' id='line_1_32' title="bbox 150 2916 1788 3004; baseline 0.006 -28"><span class='ocrx_word' id='word_1_350' title='bbox 150 2944 166 2976; x_wconf 75' lang='grc' dir='ltr'><strong>ι</strong></span> <span class='ocrx_word' id='word_1_351' title='bbox 183 2937 265 2997; x_wconf 87' lang='lat' dir='ltr'><strong>opus</strong></span> <span class='ocrx_word' id='word_1_352' title='bbox 282 2919 336 2981; x_wconf 76' lang='lat' dir='ltr'><strong>liei</strong></span> <span class='ocrx_word' id='word_1_353' title='bbox 349 2921 382 2980; x_wconf 84' lang='lat' dir='ltr'><strong>et</strong></span> <span class='ocrx_word' id='word_1_354' title='bbox 393 2918 550 2980; x_wconf 80' lang='lat' dir='ltr'><strong>iacturam</strong></span> <span class='ocrx_word' id='word_1_355' title='bbox 564 2917 646 2996; x_wconf 82' lang='lat' dir='ltr'><strong>ejus,</strong></span> <span class='ocrx_word' id='word_1_356' title='bbox 660 2923 692 2978; x_wconf 88' lang='lat' dir='ltr'><strong>et</strong></span> <span class='ocrx_word' id='word_1_357' title='bbox 705 2917 829 2994; x_wconf 82' lang='lat' dir='ltr'><strong>plasma</strong></span> <span class='ocrx_word' id='word_1_358' title='bbox 843 2916 943 2978; x_wconf 85' lang='lat' dir='ltr'><strong>adul·-</strong></span> <span class='ocrx_word' id='word_1_359' title='bbox 993 2917 1107 2980; x_wconf 84' lang='lat' dir='ltr'><strong>Glossn</strong></span> <span class='ocrx_word' id='word_1_360' title='bbox 1118 2919 1221 2980; x_wconf 87' lang='lat' dir='ltr'><strong>ordin.</strong></span> <span class='ocrx_word' id='word_1_361' title='bbox 1235 2919 1351 2981; x_wconf 88' lang='lat' dir='ltr'><strong>ibidem</strong></span> <span class='ocrx_word' id='word_1_362' title='bbox 1363 2921 1450 2994; x_wconf 89' lang='lat' dir='ltr'><strong>dicit,</strong></span> <span class='ocrx_word' id='word_1_363' title='bbox 1461 2919 1604 2982; x_wconf 81' lang='lat' dir='ltr'><strong>mulieres</strong></span> <span class='ocrx_word' id='word_1_364' title='bbox 1616 2939 1720 2984; x_wconf 84' lang='lat' dir='ltr'><strong>eornm</strong></span> <span class='ocrx_word' id='word_1_365' title='bbox 1731 2925 1788 3004; x_wconf 85' lang='lat' dir='ltr'><strong>qni</strong></span> 
     </span>
     <span class='ocr_line' id='line_1_33' title="bbox 149 2994 1786 3070; baseline 0.005 -17"><span class='ocrx_word' id='word_1_366' title='bbox 149 3021 166 3053; x_wconf 72' lang='grc' dir='ltr'><strong>ι</strong></span> <span class='ocrx_word' id='word_1_367' title='bbox 186 3004 292 3060; x_wconf 80' lang='lat' dir='ltr'><strong>terere</strong></span> <span class='ocrx_word' id='word_1_368' title='bbox 305 2997 395 3057; x_wconf 91' lang='lat' dir='ltr'><strong>nullo</strong></span> <span class='ocrx_word' id='word_1_369' title='bbox 410 2995 506 3056; x_wconf 95' lang='lat' dir='ltr'><strong>modo</strong></span> <span class='ocrx_word' id='word_1_370' title='bbox 521 2995 676 3069; x_wconf 87' lang='lat' dir='ltr'><strong>debeant,</strong></span> <span class='ocrx_word' id='word_1_371' title='bbox 697 2995 839 3056; x_wconf 82' lang='lat' dir='ltr'><strong>adhibito</strong></span> <span class='ocrx_word' id='word_1_372' title='bbox 855 2994 942 3057; x_wconf 79' lang='lat' dir='ltr'><strong>tlave</strong></span> <span class='ocrx_word' id='word_1_373' title='bbox 990 2996 1030 3057; x_wconf 82' lang='lat' dir='ltr'><strong>tre</strong></span> <span class='ocrx_word' id='word_1_374' title='bbox 1044 2996 1251 3058; x_wconf 72' lang='lat' dir='ltr'><strong>tribulatione</strong></span> <span class='ocrx_word' id='word_1_375' title='bbox 1267 3007 1370 3067; x_wconf 72' lang='lat' dir='ltr'><strong>nont,</strong></span> <span class='ocrx_word' id='word_1_376' title='bbox 1391 2997 1625 3063; x_wconf 75' lang='lat' dir='ltr'><strong>contemnebant</strong></span> <span class='ocrx_word' id='word_1_377' title='bbox 1639 3002 1744 3070; x_wconf 75' lang='lat' dir='ltr'><strong>circs:</strong></span> <span class='ocrx_word' id='word_1_378' title='bbox 1758 3011 1786 3062; x_wconf 80' lang='lat' dir='ltr'><strong>et</strong></span> 
     </span>
     <span class='ocr_line' id='line_1_34' title="bbox 151 3074 1787 3161; baseline 0.006 -28"><span class='ocrx_word' id='word_1_379' title='bbox 151 3099 167 3133; x_wconf 78' lang='grc' dir='ltr'><strong>ι</strong></span> <span class='ocrx_word' id='word_1_380' title='bbox 184 3076 310 3147; x_wconf 86' lang='lat' dir='ltr'><strong>colore,</strong></span> <span class='ocrx_word' id='word_1_381' title='bbox 324 3076 375 3139; x_wconf 81' lang='lat' dir='ltr'><strong>rel</strong></span> <span class='ocrx_word' id='word_1_382' title='bbox 390 3075 482 3155; x_wconf 77' lang='lat' dir='ltr'><strong>nigro</strong></span> <span class='ocrx_word' id='word_1_383' title='bbox 502 3074 653 3153; x_wconf 81' lang='lat' dir='ltr'><strong>pulvere,</strong></span> <span class='ocrx_word' id='word_1_384' title='bbox 669 3075 719 3137; x_wconf 84' lang='lat' dir='ltr'><strong>rel</strong></span> <span class='ocrx_word' id='word_1_385' title='bbox 735 3074 872 3147; x_wconf 83' lang='lat' dir='ltr'><strong>rubore,</strong></span> <span class='ocrx_word' id='word_1_386' title='bbox 885 3077 943 3136; x_wconf 92' lang='lat' dir='ltr'><strong>aut</strong></span> <span class='ocrx_word' id='word_1_387' title='bbox 990 3082 1028 3136; x_wconf 86' lang='lat' dir='ltr'><strong>eet</strong></span> <span class='ocrx_word' id='word_1_388' title='bbox 1042 3075 1117 3139; x_wconf 82' lang='lat' dir='ltr'><strong>eliis</strong></span> <span class='ocrx_word' id='word_1_389' title='bbox 1125 3075 1303 3155; x_wconf 80' lang='lat' dir='ltr'><strong>placerent,</strong></span> <span class='ocrx_word' id='word_1_390' title='bbox 1323 3096 1353 3139; x_wconf 84' lang='lat' dir='ltr'><strong>se</strong></span> <span class='ocrx_word' id='word_1_391' title='bbox 1372 3077 1503 3159; x_wconf 76' lang='lat' dir='ltr'><strong>putcbre&#39;</strong></span> <span class='ocrx_word' id='word_1_392' title='bbox 1518 3076 1684 3150; x_wconf 81' lang='lat' dir='ltr'><strong>ornabunt.</strong></span> <span class='ocrx_word' id='word_1_393' title='bbox 1698 3081 1787 3161; x_wconf 88' lang='lat' dir='ltr'><strong>quod</strong></span> 
     </span>
     <span class='ocr_line' id='line_1_35' title="bbox 150 3152 1787 3237; baseline 0.007 -26"><span class='ocrx_word' id='word_1_394' title='bbox 150 3178 167 3211; x_wconf 74' lang='grc' dir='ltr'><strong>ι</strong></span> <span class='ocrx_word' id='word_1_395' title='bbox 183 3155 328 3233; x_wconf 81' lang='lat' dir='ltr'><strong>quolibet</strong></span> <span class='ocrx_word' id='word_1_396' title='bbox 357 3155 551 3217; x_wconf 80' lang='lat' dir='ltr'><strong>lineamenta</strong></span> <span class='ocrx_word' id='word_1_397' title='bbox 580 3152 689 3215; x_wconf 75' lang='lat' dir='ltr'><strong>reatina</strong></span> <span class='ocrx_word' id='word_1_398' title='bbox 715 3170 845 3214; x_wconf 82' lang='lat' dir='ltr'><strong>eorrum</strong></span> <span class='ocrx_word' id='word_1_399' title='bbox 888 3159 942 3215; x_wconf 85' lang='lat' dir='ltr'><strong>nte</strong></span> <span class='ocrx_word' id='word_1_400' title='bbox 992 3154 1062 3216; x_wconf 85' lang='lat' dir='ltr'><strong>lieri</strong></span> <span class='ocrx_word' id='word_1_401' title='bbox 1084 3155 1255 3233; x_wconf 74' lang='lat' dir='ltr'><strong>Apostolus</strong></span> <span class='ocrx_word' id='word_1_402' title='bbox 1273 3158 1431 3235; x_wconf 89' lang='lat' dir='ltr'><strong>probibet.</strong></span> <span class='ocrx_word' id='word_1_403' title='bbox 1452 3158 1489 3218; x_wconf 95' lang='lat' dir='ltr'><strong>ln</strong></span> <span class='ocrx_word' id='word_1_404' title='bbox 1509 3176 1575 3237; x_wconf 93' lang='lat' dir='ltr'><strong>quo</strong></span> <span class='ocrx_word' id='word_1_405' title='bbox 1595 3160 1691 3221; x_wconf 87' lang='lat' dir='ltr'><strong>etiam</strong></span> <span class='ocrx_word' id='word_1_406' title='bbox 1708 3176 1787 3223; x_wconf 84' lang='lat' dir='ltr'><strong>casu</strong></span> 
     </span>
     <span class='ocr_line' id='line_1_36' title="bbox 152 3231 1788 3315; baseline 0.006 -25"><span class='ocrx_word' id='word_1_407' title='bbox 152 3256 167 3290; x_wconf 79' lang='grc' dir='ltr'><strong>ι</strong></span> <span class='ocrx_word' id='word_1_408' title='bbox 184 3234 405 3298; x_wconf 87' lang='lat' dir='ltr'><strong>medicamine.</strong></span> <span class='ocrx_word' id='word_1_409' title='bbox 426 3255 442 3289; x_wconf 75' lang='lat' dir='ltr'><strong>e</strong></span> <span class='ocrx_word' id='word_1_410' title='bbox 461 3232 502 3293; x_wconf 87' lang='lat' dir='ltr'><strong>Et</strong></span> <span class='ocrx_word' id='word_1_411' title='bbox 516 3236 629 3309; x_wconf 89' lang='lat' dir='ltr'><strong>postea</strong></span> <span class='ocrx_word' id='word_1_412' title='bbox 647 3231 777 3296; x_wconf 82' lang='lat' dir='ltr'><strong>subdit:</strong></span> <span class='ocrx_word' id='word_1_413' title='bbox 795 3254 810 3288; x_wconf 85' lang='grc' dir='ltr'><strong>ι</strong></span> <span class='ocrx_word' id='word_1_414' title='bbox 858 3248 942 3293; x_wconf 87' lang='lat' dir='ltr'><strong>anus</strong></span> <span class='ocrx_word' id='word_1_415' title='bbox 991 3232 1139 3310; x_wconf 90' lang='lat' dir='ltr'><strong>loquitur</strong></span> <span class='ocrx_word' id='word_1_416' title='bbox 1149 3233 1342 3313; x_wconf 79' lang='lat' dir='ltr'><strong>Cyprianus,</strong></span> <span class='ocrx_word' id='word_1_417' title='bbox 1356 3251 1422 3295; x_wconf 93' lang='lat' dir='ltr'><strong>uon</strong></span> <span class='ocrx_word' id='word_1_418' title='bbox 1436 3241 1545 3298; x_wconf 82' lang='lat' dir='ltr'><strong>autom</strong></span> <span class='ocrx_word' id='word_1_419' title='bbox 1559 3238 1704 3315; x_wconf 87' lang='lat' dir='ltr'><strong>prohibet</strong></span> <span class='ocrx_word' id='word_1_420' title='bbox 1717 3256 1788 3299; x_wconf 87' lang='lat' dir='ltr'><strong>mu·</strong></span> 
     </span>
     <span class='ocr_line' id='line_1_37' title="bbox 150 3306 1788 3392; baseline 0.005 -23"><span class='ocrx_word' id='word_1_421' title='bbox 150 3336 167 3369; x_wconf 75' lang='grc' dir='ltr'><strong>ι</strong></span> <span class='ocrx_word' id='word_1_422' title='bbox 182 3312 250 3375; x_wconf 85' lang='lat' dir='ltr'><strong>Deo</strong></span> <span class='ocrx_word' id='word_1_423' title='bbox 263 3311 416 3382; x_wconf 85' lang='lat' dir='ltr'><strong>inierunt,</strong></span> <span class='ocrx_word' id='word_1_424' title='bbox 429 3311 559 3389; x_wconf 85' lang='lat' dir='ltr'><strong>quaudo</strong></span> <span class='ocrx_word' id='word_1_425' title='bbox 569 3310 649 3371; x_wconf 91' lang='lat' dir='ltr'><strong>illud</strong></span> <span class='ocrx_word' id='word_1_426' title='bbox 660 3306 747 3389; x_wconf 88' lang='lat' dir='ltr'><strong>quod</strong></span> <span class='ocrx_word' id='word_1_427' title='bbox 760 3310 815 3371; x_wconf 89' lang='lat' dir='ltr'><strong>ille</strong></span> <span class='ocrx_word' id='word_1_428' title='bbox 826 3309 944 3372; x_wconf 76' lang='lat' dir='ltr'><strong>lomna·</strong></span> <span class='ocrx_word' id='word_1_429' title='bbox 992 3311 1087 3373; x_wconf 86' lang='lat' dir='ltr'><strong>liores</strong></span> <span class='ocrx_word' id='word_1_430' title='bbox 1101 3312 1288 3392; x_wconf 75' lang='lat' dir='ltr'><strong>coniugales</strong></span> <span class='ocrx_word' id='word_1_431' title='bbox 1302 3314 1425 3386; x_wconf 83' lang='lat' dir='ltr'><strong>ornari,</strong></span> <span class='ocrx_word' id='word_1_432' title='bbox 1438 3318 1475 3373; x_wconf 93' lang='lat' dir='ltr'><strong>ut</strong></span> <span class='ocrx_word' id='word_1_433' title='bbox 1487 3316 1634 3391; x_wconf 81' lang='lat' dir='ltr'><strong>placeant</strong></span> <span class='ocrx_word' id='word_1_434' title='bbox 1645 3316 1732 3388; x_wconf 83' lang='lat' dir='ltr'><strong>viris,</strong></span> <span class='ocrx_word' id='word_1_435' title='bbox 1747 3334 1788 3377; x_wconf 87' lang='lat' dir='ltr'><strong>ne</strong></span> 
     </span>
     <span class='ocr_line' id='line_1_38' title="bbox 61 3388 1787 3471; baseline 0.004 -23"><span class='ocrx_word' id='word_1_436' title='bbox 61 3403 62 3408; x_wconf 51' lang='lat'>¹</span> <span class='ocrx_word' id='word_1_437' title='bbox 150 3414 167 3448; x_wconf 78' lang='lat' dir='ltr'><strong>u</strong></span> <span class='ocrx_word' id='word_1_438' title='bbox 184 3390 246 3466; x_wconf 82' lang='lat' dir='ltr'><strong>rit,</strong></span> <span class='ocrx_word' id='word_1_439' title='bbox 263 3390 440 3453; x_wconf 77' lang='lat' dir='ltr'><strong>reformare</strong></span> <span class='ocrx_word' id='word_1_440' title='bbox 455 3388 663 3451; x_wconf 83' lang='lat' dir='ltr'><strong>contendunt.</strong></span> <span class='ocrx_word' id='word_1_441' title='bbox 676 3388 943 3468; x_wconf 76' lang='lat' dir='ltr'><strong>lmpugnatioest</strong></span> <span class='ocrx_word' id='word_1_442' title='bbox 992 3389 1087 3450; x_wconf 88' lang='lat' dir='ltr'><strong>detur</strong></span> <span class='ocrx_word' id='word_1_443' title='bbox 1107 3390 1154 3451; x_wconf 86' lang='lat' dir='ltr'><strong>eis</strong></span> <span class='ocrx_word' id='word_1_444' title='bbox 1175 3394 1303 3453; x_wconf 81' lang='lat' dir='ltr'><strong>occasio</strong></span> <span class='ocrx_word' id='word_1_445' title='bbox 1326 3392 1477 3471; x_wconf 87' lang='lat' dir='ltr'><strong>peccandi</strong></span> <span class='ocrx_word' id='word_1_446' title='bbox 1501 3410 1574 3453; x_wconf 88' lang='lat' dir='ltr'><strong>cum</strong></span> <span class='ocrx_word' id='word_1_447' title='bbox 1593 3394 1676 3457; x_wconf 89' lang='lat' dir='ltr'><strong>aliis.</strong></span> <span class='ocrx_word' id='word_1_448' title='bbox 1698 3394 1787 3455; x_wconf 86' lang='lat' dir='ltr'><strong>Unde</strong></span> 
     </span>
     <span class='ocr_line' id='line_1_39' title="bbox 148 3467 1787 3546; baseline 0.004 -19"><span class='ocrx_word' id='word_1_449' title='bbox 148 3469 283 3531; x_wconf 75' lang='lat' dir='ltr'><strong>«diuini</strong></span> <span class='ocrx_word' id='word_1_450' title='bbox 312 3487 332 3529; x_wconf 93' lang='lat' dir='ltr'><strong>o</strong></span> <span class='ocrx_word' id='word_1_451' title='bbox 374 3469 440 3541; x_wconf 89' lang='lat' dir='ltr'><strong>ris,</strong></span> <span class='ocrx_word' id='word_1_452' title='bbox 466 3468 689 3546; x_wconf 72' lang='lat' dir='ltr'><strong>prevaricatio</strong></span> <span class='ocrx_word' id='word_1_453' title='bbox 713 3472 763 3528; x_wconf 85' lang='lat' dir='ltr'><strong>est</strong></span> <span class='ocrx_word' id='word_1_454' title='bbox 786 3467 941 3529; x_wconf 84' lang='lat' dir='ltr'><strong>veritatis.</strong></span> <span class='ocrx_word' id='word_1_455' title='bbox 992 3468 1166 3544; x_wconf 75' lang='lat' dir='ltr'><strong>Apostolus</strong></span> <span class='ocrx_word' id='word_1_456' title='bbox 1184 3470 1201 3529; x_wconf 93' lang='lat'>1</span> <span class='ocrx_word' id='word_1_457' title='bbox 1220 3470 1260 3530; x_wconf 81' lang='lat' dir='ltr'><strong>ad</strong></span> <span class='ocrx_word' id='word_1_458' title='bbox 1275 3470 1413 3531; x_wconf 85' lang='lat' dir='ltr'><strong>Timotb.</strong></span> <span class='ocrx_word' id='word_1_459' title='bbox 1432 3469 1506 3545; x_wconf 67' lang='lat' dir='ltr'><strong>so,</strong></span> <span class='ocrx_word' id='word_1_460' title='bbox 1522 3472 1619 3532; x_wconf 86' lang='lat' dir='ltr'><strong>dicit:</strong></span> <span class='ocrx_word' id='word_1_461' title='bbox 1635 3472 1787 3533; x_wconf 77' lang='lat' dir='ltr'><strong>Mulieres</strong></span> 
     </span>
     <span class='ocr_line' id='line_1_40' title="bbox 148 3544 1789 3623; baseline 0.004 -18"><span class='ocrx_word' id='word_1_462' title='bbox 148 3572 165 3605; x_wconf 76' lang='grc' dir='ltr'><strong>ι</strong></span> <span class='ocrx_word' id='word_1_463' title='bbox 183 3549 285 3610; x_wconf 83' lang='lat' dir='ltr'><strong>Deum</strong></span> <span class='ocrx_word' id='word_1_464' title='bbox 298 3548 328 3609; x_wconf 80' lang='lat' dir='ltr'><strong>ei</strong></span> <span class='ocrx_word' id='word_1_465' title='bbox 350 3565 405 3609; x_wconf 89' lang='lat' dir='ltr'><strong>ere</strong></span> <span class='ocrx_word' id='word_1_466' title='bbox 418 3562 484 3607; x_wconf 91' lang='lat' dir='ltr'><strong>nou</strong></span> <span class='ocrx_word' id='word_1_467' title='bbox 495 3546 628 3623; x_wconf 87' lang='lat' dir='ltr'><strong>poteris,</strong></span> <span class='ocrx_word' id='word_1_468' title='bbox 643 3545 774 3623; x_wconf 81' lang='lat' dir='ltr'><strong>quaudo</strong></span> <span class='ocrx_word' id='word_1_469' title='bbox 787 3544 872 3605; x_wconf 90' lang='lat' dir='ltr'><strong>oculi</strong></span> <span class='ocrx_word' id='word_1_470' title='bbox 886 3544 943 3605; x_wconf 91' lang='lat' dir='ltr'><strong>tibi</strong></span> <span class='ocrx_word' id='word_1_471' title='bbox 992 3546 1029 3607; x_wconf 84' lang='lat' dir='ltr'><strong>in</strong></span> <span class='ocrx_word' id='word_1_472' title='bbox 1040 3544 1148 3607; x_wconf 83' lang='lat' dir='ltr'><strong>bobilo</strong></span> <span class='ocrx_word' id='word_1_473' title='bbox 1160 3556 1285 3617; x_wconf 74' lang='lat' dir='ltr'><strong>omento,</strong></span> <span class='ocrx_word' id='word_1_474' title='bbox 1299 3566 1368 3609; x_wconf 74' lang='lat' dir='ltr'><strong>eene</strong></span> <span class='ocrx_word' id='word_1_475' title='bbox 1381 3548 1569 3610; x_wconf 78' lang='lat' dir='ltr'><strong>eerecbndid</strong></span> <span class='ocrx_word' id='word_1_476' title='bbox 1580 3556 1608 3611; x_wconf 88' lang='lat' dir='ltr'><strong>et</strong></span> <span class='ocrx_word' id='word_1_477' title='bbox 1622 3549 1789 3613; x_wconf 77' lang='lat' dir='ltr'><strong>sobrietate</strong></span> 
     </span>
     <span class='ocr_line' id='line_1_41' title="bbox 149 3622 1785 3702; baseline 0.004 -19"><span class='ocrx_word' id='word_1_478' title='bbox 149 3650 165 3683; x_wconf 78' lang='grc' dir='ltr'><strong>ι</strong></span> <span class='ocrx_word' id='word_1_479' title='bbox 184 3642 251 3687; x_wconf 88' lang='grc' dir='ltr'><strong>ιιοιι</strong></span> <span class='ocrx_word' id='word_1_480' title='bbox 264 3630 352 3697; x_wconf 76' lang='lat' dir='ltr'><strong>sunt,</strong></span> <span class='ocrx_word' id='word_1_481' title='bbox 364 3640 448 3702; x_wconf 89' lang='lat' dir='ltr'><strong>quos</strong></span> <span class='ocrx_word' id='word_1_482' title='bbox 460 3624 547 3685; x_wconf 85' lang='lat' dir='ltr'><strong>Deus</strong></span> <span class='ocrx_word' id='word_1_483' title='bbox 562 3622 646 3697; x_wconf 83' lang='lat' dir='ltr'><strong>lecit,</strong></span> <span class='ocrx_word' id='word_1_484' title='bbox 664 3622 721 3683; x_wconf 90' lang='lat' dir='ltr'><strong>sed</strong></span> <span class='ocrx_word' id='word_1_485' title='bbox 737 3639 819 3699; x_wconf 85' lang='lat' dir='ltr'><strong>quos</strong></span> <span class='ocrx_word' id='word_1_486' title='bbox 833 3622 944 3684; x_wconf 77' lang='lat' dir='ltr'><strong>diano</strong></span> <span class='ocrx_word' id='word_1_487' title='bbox 993 3634 1141 3685; x_wconf 76' lang='lat' dir='ltr'><strong>ornantes</strong></span> <span class='ocrx_word' id='word_1_488' title='bbox 1159 3644 1200 3695; x_wconf 86' lang='lat' dir='ltr'><strong>se,</strong></span> <span class='ocrx_word' id='word_1_489' title='bbox 1216 3644 1282 3688; x_wconf 86' lang='lat' dir='ltr'><strong>non</strong></span> <span class='ocrx_word' id='word_1_490' title='bbox 1297 3626 1333 3687; x_wconf 84' lang='lat' dir='ltr'><strong>in</strong></span> <span class='ocrx_word' id='word_1_491' title='bbox 1352 3626 1446 3689; x_wconf 85' lang='lat' dir='ltr'><strong>tortis</strong></span> <span class='ocrx_word' id='word_1_492' title='bbox 1460 3626 1609 3697; x_wconf 77' lang='lat' dir='ltr'><strong>crinibus,</strong></span> <span class='ocrx_word' id='word_1_493' title='bbox 1626 3638 1681 3689; x_wconf 83' lang='lat' dir='ltr'><strong>oret</strong></span> <span class='ocrx_word' id='word_1_494' title='bbox 1695 3646 1785 3698; x_wconf 85' lang='lat' dir='ltr'><strong>onro,</strong></span> 
     </span>
     <span class='ocr_line' id='line_1_42' title="bbox 149 3701 1788 3787; baseline 0.005 -26"><span class='ocrx_word' id='word_1_495' title='bbox 149 3728 166 3761; x_wconf 78' lang='grc' dir='ltr'><strong>ι</strong></span> <span class='ocrx_word' id='word_1_496' title='bbox 186 3704 238 3765; x_wconf 84' lang='lat' dir='ltr'><strong>lus</strong></span> <span class='ocrx_word' id='word_1_497' title='bbox 251 3702 371 3775; x_wconf 80' lang='lat' dir='ltr'><strong>intecit,</strong></span> <span class='ocrx_word' id='word_1_498' title='bbox 385 3702 424 3765; x_wconf 82' lang='lat' dir='ltr'><strong>de</strong></span> <span class='ocrx_word' id='word_1_499' title='bbox 438 3701 569 3763; x_wconf 87' lang='lat' dir='ltr'><strong>inimico</strong></span> <span class='ocrx_word' id='word_1_500' title='bbox 580 3706 637 3763; x_wconf 93' lang='lat' dir='ltr'><strong>luo</strong></span> <span class='ocrx_word' id='word_1_501' title='bbox 648 3704 790 3779; x_wconf 84' lang='lat' dir='ltr'><strong>compta,</strong></span> <span class='ocrx_word' id='word_1_502' title='bbox 802 3718 876 3762; x_wconf 85' lang='lat' dir='ltr'><strong>eum</strong></span> <span class='ocrx_word' id='word_1_503' title='bbox 886 3701 943 3762; x_wconf 89' lang='lat' dir='ltr'><strong>illo</strong></span> <span class='ocrx_word' id='word_1_504' title='bbox 993 3710 1050 3763; x_wconf 83' lang='lat' dir='ltr'><strong>out</strong></span> <span class='ocrx_word' id='word_1_505' title='bbox 1070 3705 1269 3783; x_wconf 82' lang='lat' dir='ltr'><strong>morparite&#39;e,</strong></span> <span class='ocrx_word' id='word_1_506' title='bbox 1283 3713 1339 3766; x_wconf 84' lang='lat' dir='ltr'><strong>unt</strong></span> <span class='ocrx_word' id='word_1_507' title='bbox 1356 3714 1437 3767; x_wconf 86' lang='lat' dir='ltr'><strong>veste</strong></span> <span class='ocrx_word' id='word_1_508' title='bbox 1452 3706 1594 3783; x_wconf 72' lang='lat' dir='ltr'><strong>pretiose</strong></span> <span class='ocrx_word' id='word_1_509' title='bbox 1607 3726 1615 3765; x_wconf 83' lang='grc' dir='ltr'><strong>ι</strong></span> <span class='ocrx_word' id='word_1_510' title='bbox 1628 3724 1688 3785; x_wconf 83' lang='lat' dir='ltr'><strong>per</strong></span> <span class='ocrx_word' id='word_1_511' title='bbox 1701 3708 1788 3787; x_wconf 92' lang='lat' dir='ltr'><strong>quod</strong></span> 
     </span>
     <span class='ocr_line' id='line_1_43' title="bbox 61 3778 1789 3863; baseline 0.004 -23"><span class='ocrx_word' id='word_1_512' title='bbox 61 3791 66 3813; x_wconf 79' lang='lat'>’</span> <span class='ocrx_word' id='word_1_513' title='bbox 152 3808 166 3840; x_wconf 69' lang='grc' dir='ltr'><strong>ι</strong></span> <span class='ocrx_word' id='word_1_514' title='bbox 185 3781 305 3859; x_wconf 78' lang='lat' dir='ltr'><strong>puriter</strong></span> <span class='ocrx_word' id='word_1_515' title='bbox 317 3796 445 3843; x_wconf 89' lang='lat' dir='ltr'><strong>arsura.</strong></span> <span class='ocrx_word' id='word_1_516' title='bbox 462 3803 477 3837; x_wconf 75' lang='grc' dir='ltr'><strong>ι</strong></span> <span class='ocrx_word' id='word_1_517' title='bbox 493 3778 554 3840; x_wconf 84' lang='lat' dir='ltr'><strong>Sed</strong></span> <span class='ocrx_word' id='word_1_518' title='bbox 572 3780 635 3842; x_wconf 89' lang='lat' dir='ltr'><strong>hoc</strong></span> <span class='ocrx_word' id='word_1_519' title='bbox 650 3796 716 3841; x_wconf 86' lang='lat' dir='ltr'><strong>uon</strong></span> <span class='ocrx_word' id='word_1_520' title='bbox 731 3779 867 3841; x_wconf 86' lang='lat' dir='ltr'><strong>debetur</strong></span> <span class='ocrx_word' id='word_1_521' title='bbox 880 3779 943 3841; x_wconf 89' lang='lat' dir='ltr'><strong>uisi</strong></span> <span class='ocrx_word' id='word_1_522' title='bbox 992 3781 1089 3842; x_wconf 91' lang='lat' dir='ltr'><strong>datur</strong></span> <span class='ocrx_word' id='word_1_523' title='bbox 1103 3782 1237 3863; x_wconf 75' lang='lat' dir='ltr'><strong>intelligi</strong></span> <span class='ocrx_word' id='word_1_524' title='bbox 1253 3784 1338 3861; x_wconf 83' lang='lat' dir='ltr'><strong>quod</strong></span> <span class='ocrx_word' id='word_1_525' title='bbox 1354 3785 1481 3850; x_wconf 86' lang='lat' dir='ltr'><strong>sobrius</strong></span> <span class='ocrx_word' id='word_1_526' title='bbox 1495 3786 1721 3859; x_wconf 85' lang='lat' dir='ltr'><strong>etmoderatus</strong></span> <span class='ocrx_word' id='word_1_527' title='bbox 1735 3803 1789 3850; x_wconf 88' lang='lat' dir='ltr'><strong>or·</strong></span> 
     </span>
     <span class='ocr_line' id='line_1_44' title="bbox 149 3858 1789 4003; baseline 0.005 -84"><span class='ocrx_word' id='word_1_528' title='bbox 149 3864 282 3998; x_wconf 56' lang='lat' dir='ltr'><strong>pefcato</strong></span> <span class='ocrx_word' id='word_1_529' title='bbox 294 3858 434 3999; x_wconf 54' lang='lat' dir='ltr'><strong>mortalli.</strong></span> <span class='ocrx_word' id='word_1_530' title='bbox 447 3859 681 3999; x_wconf 54' lang='lat' dir='ltr'><strong>Essffimm</strong></span> <span class='ocrx_word' id='word_1_531' title='bbox 695 3858 868 3919; x_wconf 87' lang='lat' dir='ltr'><strong>mulierum</strong></span> <span class='ocrx_word' id='word_1_532' title='bbox 876 3874 943 3920; x_wconf 87' lang='lat' dir='ltr'><strong>nou</strong></span> <span class='ocrx_word' id='word_1_533' title='bbox 993 3864 1090 4000; x_wconf 55' lang='lat' dir='ltr'><strong>flgtus</strong></span> <span class='ocrx_word' id='word_1_534' title='bbox 1104 3878 1169 4001; x_wconf 56' lang='grc' dir='ltr'><strong>ιέἑιιίι</strong></span> <span class='ocrx_word' id='word_1_535' title='bbox 1182 3862 1371 4003; x_wconf 54' lang='grc' dir='ltr'><strong>ρὲοιθιιιιιῃιᾶιι</strong></span> <span class='ocrx_word' id='word_1_536' title='bbox 1383 3864 1586 4003; x_wconf 51' lang='lat' dir='ltr'><strong>mutlieribffij</strong></span> <span class='ocrx_word' id='word_1_537' title='bbox 1599 3865 1655 3927; x_wconf 90' lang='lat' dir='ltr'><strong>sed</strong></span> <span class='ocrx_word' id='word_1_538' title='bbox 1670 3874 1789 3945; x_wconf 59' lang='lat' dir='ltr'><strong>superi-</strong></span> 
     </span>
     <span class='ocr_line' id='line_1_45' title="bbox 150 3956 1650 4013; baseline 0.003 -12"><span class='ocrx_word' id='word_1_539' title='bbox 150 3956 283 4002; x_wconf 87' lang='lat' dir='ltr'><strong>essrue</strong></span> <span class='ocrx_word' id='word_1_540' title='bbox 364 3956 472 3999; x_wconf 90' lang='lat' dir='ltr'><strong>·om</strong></span> <span class='ocrx_word' id='word_1_541' title='bbox 572 3981 580 3998; x_wconf 97' lang='lat'><strong>.</strong></span> <span class='ocrx_word' id='word_1_542' title='bbox 1040 3958 1089 4012; x_wconf 88' lang='lat' dir='ltr'><strong>us,</strong></span> <span class='ocrx_word' id='word_1_543' title='bbox 1164 3960 1304 4004; x_wconf 84' lang='lat' dir='ltr'><strong>nvrcu</strong></span> <span class='ocrx_word' id='word_1_544' title='bbox 1348 3960 1432 4013; x_wconf 90' lang='lat' dir='ltr'><strong>us‚e</strong></span> <span class='ocrx_word' id='word_1_545' title='bbox 1458 3960 1501 4006; x_wconf 86' lang='lat' dir='ltr'><strong>rm</strong></span> <span class='ocrx_word' id='word_1_546' title='bbox 1570 3961 1650 4005; x_wconf 84' lang='lat' dir='ltr'><strong>rcus.</strong></span> 
     </span>
    </p>

    <p class='ocr_par' dir='ltr' id='par_1_11' title="bbox 61 3954 1809 4571">
     <span class='ocr_line' id='line_1_46' title="bbox 188 3954 1809 4099; baseline 0.004 -22"><span class='ocrx_word' id='word_1_547' title='bbox 188 4018 221 4077; x_wconf 84' lang='grc'><strong>3.</strong></span> <span class='ocrx_word' id='word_1_548' title='bbox 244 3954 422 4089; x_wconf 52' lang='lat' dir='ltr'><strong>irem,</strong></span> <span class='ocrx_word' id='word_1_549' title='bbox 447 4016 531 4078; x_wconf 88' lang='lat' dir='ltr'><strong>sicut</strong></span> <span class='ocrx_word' id='word_1_550' title='bbox 553 4032 618 4077; x_wconf 89' lang='lat' dir='ltr'><strong>uon</strong></span> <span class='ocrx_word' id='word_1_551' title='bbox 644 4015 794 4096; x_wconf 72' lang='lat' dir='ltr'><strong>congruit</strong></span> <span class='ocrx_word' id='word_1_552' title='bbox 814 4015 943 4076; x_wconf 88' lang='lat' dir='ltr'><strong>mulieri</strong></span> <span class='ocrx_word' id='word_1_553' title='bbox 1033 4018 1081 4081; x_wconf 80' lang='lat' dir='ltr'><strong>nd</strong></span> <span class='ocrx_word' id='word_1_554' title='bbox 1093 4021 1268 4081; x_wconf 87' lang='lat' dir='ltr'><strong>secundum</strong></span> <span class='ocrx_word' id='word_1_555' title='bbox 1277 4020 1445 4085; x_wconf 88' lang='lat' dir='ltr'><strong>dicendum</strong></span> <span class='ocrx_word' id='word_1_556' title='bbox 1457 3962 1544 4099; x_wconf 57' lang='lat' dir='ltr'><strong>qugd</strong></span> <span class='ocrx_word' id='word_1_557' title='bbox 1556 4022 1729 4084; x_wconf 88' lang='lat' dir='ltr'><strong>mulierum</strong></span> <span class='ocrx_word' id='word_1_558' title='bbox 1739 4012 1809 4084; x_wconf 81' lang='grc' dir='ltr'><strong>ιιι-Ι</strong></span> 
     </span>
     <span class='ocr_line' id='line_1_47' title="bbox 61 4094 1788 4179; baseline 0.003 -18"><span class='ocrx_word' id='word_1_559' title='bbox 61 4151 65 4161; x_wconf 74' lang='grc'><strong>,</strong></span> <span class='ocrx_word' id='word_1_560' title='bbox 146 4095 237 4175; x_wconf 87' lang='lat' dir='ltr'><strong>qudd</strong></span> <span class='ocrx_word' id='word_1_561' title='bbox 247 4100 336 4159; x_wconf 83' lang='lat' dir='ltr'><strong>veste</strong></span> <span class='ocrx_word' id='word_1_562' title='bbox 346 4094 431 4159; x_wconf 78' lang='lat' dir='ltr'><strong>virili</strong></span> <span class='ocrx_word' id='word_1_563' title='bbox 441 4099 564 4168; x_wconf 84' lang='lat' dir='ltr'><strong>utatur,</strong></span> <span class='ocrx_word' id='word_1_564' title='bbox 575 4094 730 4157; x_wconf 85' lang='lat' dir='ltr'><strong>itaetiam</strong></span> <span class='ocrx_word' id='word_1_565' title='bbox 740 4095 847 4155; x_wconf 88' lang='lat' dir='ltr'><strong>cinon</strong></span> <span class='ocrx_word' id='word_1_566' title='bbox 858 4112 953 4155; x_wconf 69' lang='lat' dir='ltr'><strong>com</strong></span> <span class='ocrx_word' id='word_1_567' title='bbox 994 4097 1089 4170; x_wconf 81' lang='lat' dir='ltr'><strong>catio,</strong></span> <span class='ocrx_word' id='word_1_568' title='bbox 1100 4097 1138 4161; x_wconf 89' lang='lat' dir='ltr'><strong>de</strong></span> <span class='ocrx_word' id='word_1_569' title='bbox 1149 4096 1215 4175; x_wconf 80' lang='lat' dir='ltr'><strong>qud</strong></span> <span class='ocrx_word' id='word_1_570' title='bbox 1225 4098 1405 4179; x_wconf 78' lang='lat' dir='ltr'><strong>Cyprianus</strong></span> <span class='ocrx_word' id='word_1_571' title='bbox 1415 4100 1572 4177; x_wconf 89' lang='lat' dir='ltr'><strong>loquitur,</strong></span> <span class='ocrx_word' id='word_1_572' title='bbox 1583 4099 1788 4178; x_wconf 79' lang='lat' dir='ltr'><strong>estquedam</strong></span> 
     </span>
     <span class='ocr_line' id='line_1_48' title="bbox 147 4172 1790 4257; baseline 0.002 -22"><span class='ocrx_word' id='word_1_573' title='bbox 147 4174 230 4254; x_wconf 85' lang='lat' dir='ltr'><strong>petit</strong></span> <span class='ocrx_word' id='word_1_574' title='bbox 242 4174 328 4253; x_wconf 82' lang='lat' dir='ltr'><strong>qubd</strong></span> <span class='ocrx_word' id='word_1_575' title='bbox 342 4173 526 4237; x_wconf 80' lang='lat' dir='ltr'><strong>inordinato</strong></span> <span class='ocrx_word' id='word_1_576' title='bbox 538 4179 659 4236; x_wconf 86' lang='lat' dir='ltr'><strong>ornatu</strong></span> <span class='ocrx_word' id='word_1_577' title='bbox 669 4178 791 4235; x_wconf 87' lang='lat' dir='ltr'><strong>utatur.</strong></span> <span class='ocrx_word' id='word_1_578' title='bbox 805 4172 868 4234; x_wconf 84' lang='lat' dir='ltr'><strong>Sed</strong></span> <span class='ocrx_word' id='word_1_579' title='bbox 878 4173 944 4251; x_wconf 72' lang='lat' dir='ltr'><strong>prb</strong></span> <span class='ocrx_word' id='word_1_580' title='bbox 993 4178 1116 4253; x_wconf 84' lang='lat' dir='ltr'><strong>species</strong></span> <span class='ocrx_word' id='word_1_581' title='bbox 1127 4176 1276 4252; x_wconf 81' lang='lat' dir='ltr'><strong>fictionis,</strong></span> <span class='ocrx_word' id='word_1_582' title='bbox 1287 4194 1360 4256; x_wconf 79' lang='lat' dir='ltr'><strong>quae</strong></span> <span class='ocrx_word' id='word_1_583' title='bbox 1370 4195 1436 4239; x_wconf 91' lang='lat' dir='ltr'><strong>non</strong></span> <span class='ocrx_word' id='word_1_584' title='bbox 1446 4182 1630 4256; x_wconf 86' lang='lat' dir='ltr'><strong>potestesse</strong></span> <span class='ocrx_word' id='word_1_585' title='bbox 1640 4180 1790 4257; x_wconf 76' lang='lat' dir='ltr'><strong>sinepeo</strong></span> 
     </span>
     <span class='ocr_line' id='line_1_49' title="bbox 146 4250 1789 4336; baseline 0.003 -22"><span class='ocrx_word' id='word_1_586' title='bbox 146 4256 297 4317; x_wconf 84' lang='lat' dir='ltr'><strong>mumest</strong></span> <span class='ocrx_word' id='word_1_587' title='bbox 309 4258 477 4332; x_wconf 73' lang='lat' dir='ltr'><strong>peccatum</strong></span> <span class='ocrx_word' id='word_1_588' title='bbox 489 4252 720 4315; x_wconf 83' lang='lat' dir='ltr'><strong>:diciturenim</strong></span> <span class='ocrx_word' id='word_1_589' title='bbox 730 4253 826 4315; x_wconf 86' lang='lat' dir='ltr'><strong>Deut.</strong></span> <span class='ocrx_word' id='word_1_590' title='bbox 840 4250 891 4324; x_wconf 62' lang='grc' dir='ltr'><strong>ιι,</strong></span> <span class='ocrx_word' id='word_1_591' title='bbox 901 4250 941 4311; x_wconf 82' lang='lat' dir='ltr'><strong>b:</strong></span> <span class='ocrx_word' id='word_1_592' title='bbox 993 4258 1076 4317; x_wconf 89' lang='lat' dir='ltr'><strong>cato.</strong></span> <span class='ocrx_word' id='word_1_593' title='bbox 1091 4254 1179 4319; x_wconf 89' lang='lat' dir='ltr'><strong>Unde</strong></span> <span class='ocrx_word' id='word_1_594' title='bbox 1196 4256 1395 4335; x_wconf 78' lang='lat' dir='ltr'><strong>Augustinus</strong></span> <span class='ocrx_word' id='word_1_595' title='bbox 1410 4256 1485 4319; x_wconf 90' lang='lat' dir='ltr'><strong>dicit</strong></span> <span class='ocrx_word' id='word_1_596' title='bbox 1499 4258 1532 4323; x_wconf 88' lang='lat' dir='ltr'><strong>in</strong></span> <span class='ocrx_word' id='word_1_597' title='bbox 1546 4256 1639 4336; x_wconf 88' lang='lat' dir='ltr'><strong>epist.</strong></span> <span class='ocrx_word' id='word_1_598' title='bbox 1654 4256 1694 4319; x_wconf 90' lang='lat' dir='ltr'><strong>ad</strong></span> <span class='ocrx_word' id='word_1_599' title='bbox 1708 4258 1789 4319; x_wconf 86' lang='lat' dir='ltr'><strong>Pos-</strong></span> 
     </span>
     <span class='ocr_line' id='line_1_50' title="bbox 145 4330 1789 4415; baseline 0.002 -22"><span class='ocrx_word' id='word_1_600' title='bbox 145 4331 226 4393; x_wconf 84' lang='lat' dir='ltr'><strong>Non</strong></span> <span class='ocrx_word' id='word_1_601' title='bbox 236 4332 391 4393; x_wconf 75' lang='lat' dir='ltr'><strong>induetur</strong></span> <span class='ocrx_word' id='word_1_602' title='bbox 404 4331 516 4393; x_wconf 84' lang='lat' dir='ltr'><strong>mulier</strong></span> <span class='ocrx_word' id='word_1_603' title='bbox 528 4342 609 4392; x_wconf 83' lang='lat' dir='ltr'><strong>ceste</strong></span> <span class='ocrx_word' id='word_1_604' title='bbox 620 4330 719 4398; x_wconf 80' lang='lat' dir='ltr'><strong>cirili,</strong></span> <span class='ocrx_word' id='word_1_605' title='bbox 733 4349 789 4392; x_wconf 84' lang='lat' dir='ltr'><strong>nee</strong></span> <span class='ocrx_word' id='word_1_606' title='bbox 799 4330 852 4393; x_wconf 80' lang='lat' dir='ltr'><strong>eir</strong></span> <span class='ocrx_word' id='word_1_607' title='bbox 862 4337 945 4392; x_wconf 83' lang='lat' dir='ltr'><strong>seete</strong></span> <span class='ocrx_word' id='word_1_608' title='bbox 985 4333 1123 4407; x_wconf 83' lang='lat' dir='ltr'><strong>sidium,</strong></span> <span class='ocrx_word' id='word_1_609' title='bbox 1137 4332 1208 4402; x_wconf 67' lang='lat' dir='ltr'><strong>dib,</strong></span> <span class='ocrx_word' id='word_1_610' title='bbox 1222 4336 1265 4395; x_wconf 93' lang='lat' dir='ltr'><strong>al.</strong></span> <span class='ocrx_word' id='word_1_611' title='bbox 1280 4333 1331 4406; x_wconf 80' lang='lat'><strong>73,</strong></span> <span class='ocrx_word' id='word_1_612' title='bbox 1345 4339 1420 4398; x_wconf 86' lang='lat' dir='ltr'><strong>autc</strong></span> <span class='ocrx_word' id='word_1_613' title='bbox 1434 4336 1517 4397; x_wconf 87' lang='lat' dir='ltr'><strong>med.</strong></span> <span class='ocrx_word' id='word_1_614' title='bbox 1533 4356 1541 4396; x_wconf 77' lang='grc' dir='ltr'><strong>ι</strong></span> <span class='ocrx_word' id='word_1_615' title='bbox 1555 4358 1570 4393; x_wconf 84' lang='grc' dir='ltr'><strong>ι</strong></span> <span class='ocrx_word' id='word_1_616' title='bbox 1585 4335 1702 4397; x_wconf 86' lang='lat' dir='ltr'><strong>Fucari</strong></span> <span class='ocrx_word' id='word_1_617' title='bbox 1714 4336 1789 4415; x_wconf 75' lang='lat' dir='ltr'><strong>pig-</strong></span> 
     </span>
     <span class='ocr_line' id='line_1_51' title="bbox 61 4408 1789 4501; baseline 0.003 -30"><span class='ocrx_word' id='word_1_618' title='bbox 61 4419 62 4422; x_wconf 75' lang='grc'>’</span> <span class='ocrx_word' id='word_1_619' title='bbox 147 4408 305 4473; x_wconf 78' lang='lat' dir='ltr'><strong>muliebri.</strong></span> <span class='ocrx_word' id='word_1_620' title='bbox 316 4409 402 4501; x_wconf 64' lang='lat' dir='ltr'><strong>lirqo</strong></span> <span class='ocrx_word' id='word_1_621' title='bbox 413 4410 513 4473; x_wconf 73' lang='grc' dir='ltr'><strong>ιιιιιιιι</strong></span> <span class='ocrx_word' id='word_1_622' title='bbox 523 4410 649 4473; x_wconf 82' lang='lat' dir='ltr'><strong>videtur</strong></span> <span class='ocrx_word' id='word_1_623' title='bbox 660 4410 746 4487; x_wconf 85' lang='lat' dir='ltr'><strong>qudd</strong></span> <span class='ocrx_word' id='word_1_624' title='bbox 759 4408 942 4488; x_wconf 81' lang='lat' dir='ltr'><strong>superfluus</strong></span> <span class='ocrx_word' id='word_1_625' title='bbox 995 4434 1010 4467; x_wconf 85' lang='grc' dir='ltr'><strong>ι</strong></span> <span class='ocrx_word' id='word_1_626' title='bbox 1026 4412 1159 4486; x_wconf 81' lang='lat' dir='ltr'><strong>mentis,</strong></span> <span class='ocrx_word' id='word_1_627' title='bbox 1174 4411 1239 4489; x_wconf 83' lang='lat' dir='ltr'><strong>qud</strong></span> <span class='ocrx_word' id='word_1_628' title='bbox 1253 4413 1462 4475; x_wconf 88' lang='lat' dir='ltr'><strong>rubicundior</strong></span> <span class='ocrx_word' id='word_1_629' title='bbox 1476 4415 1526 4477; x_wconf 84' lang='lat' dir='ltr'><strong>vel</strong></span> <span class='ocrx_word' id='word_1_630' title='bbox 1543 4413 1708 4477; x_wconf 87' lang='lat' dir='ltr'><strong>candidior</strong></span> <span class='ocrx_word' id='word_1_631' title='bbox 1722 4431 1789 4492; x_wconf 87' lang='lat' dir='ltr'><strong>ap-</strong></span> 
     </span>
     <span class='ocr_line' id='line_1_52' title="bbox 147 4486 1787 4571; baseline 0.003 -22"><span class='ocrx_word' id='word_1_632' title='bbox 147 4491 285 4549; x_wconf 88' lang='lat' dir='ltr'><strong>ornatus</strong></span> <span class='ocrx_word' id='word_1_633' title='bbox 300 4488 472 4548; x_wconf 82' lang='lat' dir='ltr'><strong>mulierum</strong></span> <span class='ocrx_word' id='word_1_634' title='bbox 487 4486 530 4548; x_wconf 93' lang='lat' dir='ltr'><strong>sit</strong></span> <span class='ocrx_word' id='word_1_635' title='bbox 542 4494 710 4567; x_wconf 89' lang='lat' dir='ltr'><strong>peccatum</strong></span> <span class='ocrx_word' id='word_1_636' title='bbox 723 4488 872 4549; x_wconf 83' lang='lat' dir='ltr'><strong>mortale.</strong></span> <span class='ocrx_word' id='word_1_637' title='bbox 994 4496 1159 4568; x_wconf 85' lang='lat' dir='ltr'><strong>«pareat,</strong></span> <span class='ocrx_word' id='word_1_638' title='bbox 1181 4490 1364 4557; x_wconf 81' lang='lat' dir='ltr'><strong>adulterina</strong></span> <span class='ocrx_word' id='word_1_639' title='bbox 1385 4492 1513 4557; x_wconf 79' lang='lat' dir='ltr'><strong>fallacia</strong></span> <span class='ocrx_word' id='word_1_640' title='bbox 1538 4497 1588 4555; x_wconf 89' lang='lat' dir='ltr'><strong>est</strong></span> <span class='ocrx_word' id='word_1_641' title='bbox 1605 4514 1614 4553; x_wconf 79' lang='lat' dir='ltr'><strong>t</strong></span> <span class='ocrx_word' id='word_1_642' title='bbox 1632 4492 1700 4571; x_wconf 80' lang='lat' dir='ltr'><strong>qud</strong></span> <span class='ocrx_word' id='word_1_643' title='bbox 1721 4510 1787 4555; x_wconf 92' lang='lat' dir='ltr'><strong>non</strong></span> 
     </span>
    </p>

    <p class='ocr_par' dir='ltr' id='par_1_12' title="bbox 63 4562 1789 4963">
     <span class='ocr_line' id='line_1_53' title="bbox 190 4562 1786 4652; baseline 0.005 -27"><span class='ocrx_word' id='word_1_644' title='bbox 190 4563 221 4625; x_wconf 86' lang='lat' dir='ltr'><strong>t.</strong></span> <span class='ocrx_word' id='word_1_645' title='bbox 237 4564 300 4629; x_wconf 82' lang='lat' dir='ltr'><strong>sed</strong></span> <span class='ocrx_word' id='word_1_646' title='bbox 312 4569 426 4628; x_wconf 81' lang='lat' dir='ltr'><strong>eontra</strong></span> <span class='ocrx_word' id='word_1_647' title='bbox 438 4568 579 4643; x_wconf 73' lang='lat' dir='ltr'><strong>estquis</strong></span> <span class='ocrx_word' id='word_1_648' title='bbox 592 4562 770 4628; x_wconf 81' lang='lat' dir='ltr'><strong>secunddm</strong></span> <span class='ocrx_word' id='word_1_649' title='bbox 784 4567 845 4628; x_wconf 88' lang='lat' dir='ltr'><strong>boc</strong></span> <span class='ocrx_word' id='word_1_650' title='bbox 858 4566 944 4627; x_wconf 81' lang='lat' dir='ltr'><strong>vide-</strong></span> <span class='ocrx_word' id='word_1_651' title='bbox 994 4591 1010 4625; x_wconf 79' lang='grc' dir='ltr'><strong>ι</strong></span> <span class='ocrx_word' id='word_1_652' title='bbox 1026 4568 1137 4631; x_wconf 92' lang='lat' dir='ltr'><strong>dubito</strong></span> <span class='ocrx_word' id='word_1_653' title='bbox 1151 4569 1248 4631; x_wconf 85' lang='lat' dir='ltr'><strong>otiam</strong></span> <span class='ocrx_word' id='word_1_654' title='bbox 1266 4570 1354 4649; x_wconf 88' lang='lat' dir='ltr'><strong>ipsos</strong></span> <span class='ocrx_word' id='word_1_655' title='bbox 1368 4570 1501 4636; x_wconf 83' lang='lat' dir='ltr'><strong>meritos</strong></span> <span class='ocrx_word' id='word_1_656' title='bbox 1516 4590 1551 4635; x_wconf 87' lang='lat' dir='ltr'><strong>se</strong></span> <span class='ocrx_word' id='word_1_657' title='bbox 1565 4572 1651 4635; x_wconf 89' lang='lat' dir='ltr'><strong>nolle</strong></span> <span class='ocrx_word' id='word_1_658' title='bbox 1664 4570 1786 4652; x_wconf 80' lang='lat' dir='ltr'><strong>decipi,</strong></span> 
     </span>
     <span class='ocr_line' id='line_1_54' title="bbox 147 4642 1789 4747; baseline 0.004 -40"><span class='ocrx_word' id='word_1_659' title='bbox 147 4651 243 4707; x_wconf 85' lang='lat' dir='ltr'><strong>retur</strong></span> <span class='ocrx_word' id='word_1_660' title='bbox 264 4642 351 4722; x_wconf 84' lang='lat' dir='ltr'><strong>qudd</strong></span> <span class='ocrx_word' id='word_1_661' title='bbox 376 4642 514 4735; x_wconf 80' lang='lat' dir='ltr'><strong>artifices</strong></span> <span class='ocrx_word' id='word_1_662' title='bbox 539 4642 724 4722; x_wconf 81' lang='lat' dir='ltr'><strong>hujusmodi</strong></span> <span class='ocrx_word' id='word_1_663' title='bbox 751 4647 943 4706; x_wconf 84' lang='lat' dir='ltr'><strong>ornamenta</strong></span> <span class='ocrx_word' id='word_1_664' title='bbox 994 4648 1144 4724; x_wconf 77' lang='lat' dir='ltr'><strong>equibus</strong></span> <span class='ocrx_word' id='word_1_665' title='bbox 1160 4647 1237 4740; x_wconf 78' lang='lat' dir='ltr'><strong>solis</strong></span> <span class='ocrx_word' id='word_1_666' title='bbox 1253 4647 1392 4741; x_wconf 79' lang='lat' dir='ltr'><strong>(scilicet</strong></span> <span class='ocrx_word' id='word_1_667' title='bbox 1410 4649 1553 4747; x_wconf 77' lang='lat' dir='ltr'><strong>maritis)</strong></span> <span class='ocrx_word' id='word_1_668' title='bbox 1568 4650 1789 4744; x_wconf 76' lang='lat' dir='ltr'><strong>permittendae</strong></span> 
     </span>
     <span class='ocr_line' id='line_1_55' title="bbox 63 4722 1788 4895; baseline 0.004 -33"><span class='ocrx_word' id='word_1_669' title='bbox 63 4804 68 4836; x_wconf 83' lang='lat'><em>·</em></span> <span class='ocrx_word' id='word_1_670' title='bbox 147 4722 944 4881; x_wconf 59' lang='lat' dir='ltr'><strong>tissidatddfddisbm...</strong></span> <span class='ocrx_word' id='word_1_671' title='bbox 994 4724 1788 4895; x_wconf 60' lang='lat' dir='ltr'><strong>t{bilbiliiilrnsllbslidblil</strong></span> 
     </span>
     <span class='ocr_line' id='line_1_56' title="bbox 64 4878 1788 4963; baseline 0.002 -20"><span class='ocrx_word' id='word_1_672' title='bbox 64 4949 67 4956; x_wconf 58' lang='grc'><strong>,</strong></span> <span class='ocrx_word' id='word_1_673' title='bbox 148 4881 325 4945; x_wconf 87' lang='lat' dir='ltr'><strong>mulierum</strong></span> <span class='ocrx_word' id='word_1_674' title='bbox 336 4884 413 4942; x_wconf 89' lang='lat' dir='ltr'><strong>suut</strong></span> <span class='ocrx_word' id='word_1_675' title='bbox 423 4878 534 4943; x_wconf 85' lang='lat' dir='ltr'><strong>eadem</strong></span> <span class='ocrx_word' id='word_1_676' title='bbox 546 4879 738 4942; x_wconf 86' lang='lat' dir='ltr'><strong>attendenda</strong></span> <span class='ocrx_word' id='word_1_677' title='bbox 748 4897 821 4958; x_wconf 78' lang='lat' dir='ltr'><strong>qun</strong></span> <span class='ocrx_word' id='word_1_678' title='bbox 830 4896 941 4959; x_wconf 83' lang='lat' dir='ltr'><strong>snpra,</strong></span> <span class='ocrx_word' id='word_1_679' title='bbox 993 4881 1067 4945; x_wconf 79' lang='lat' dir='ltr'><strong>talis</strong></span> <span class='ocrx_word' id='word_1_680' title='bbox 1085 4882 1204 4947; x_wconf 82' lang='lat' dir='ltr'><strong>turario</strong></span> <span class='ocrx_word' id='word_1_681' title='bbox 1218 4889 1267 4945; x_wconf 90' lang='lat' dir='ltr'><strong>est</strong></span> <span class='ocrx_word' id='word_1_682' title='bbox 1281 4902 1355 4947; x_wconf 91' lang='lat' dir='ltr'><strong>cum</strong></span> <span class='ocrx_word' id='word_1_683' title='bbox 1368 4891 1498 4963; x_wconf 85' lang='lat' dir='ltr'><strong>peccato</strong></span> <span class='ocrx_word' id='word_1_684' title='bbox 1512 4887 1652 4960; x_wconf 85' lang='lat' dir='ltr'><strong>mortali,</strong></span> <span class='ocrx_word' id='word_1_685' title='bbox 1667 4886 1722 4949; x_wconf 88' lang='lat' dir='ltr'><strong>sed</strong></span> <span class='ocrx_word' id='word_1_686' title='bbox 1735 4902 1788 4948; x_wconf 89' lang='lat' dir='ltr'><strong>so-</strong></span> 
     </span>
    </p>
   </div>
   <div class='ocr_carea' id='block_1_8' title="bbox 149 4957 1880 5043">
    <p class='ocr_par' dir='ltr' id='par_1_13' title="bbox 149 4957 1880 5043">
     <span class='ocr_line' id='line_1_57' title="bbox 149 4957 1880 5043; baseline 0.003 -22"><span class='ocrx_word' id='word_1_687' title='bbox 149 4964 213 5021; x_wconf 84' lang='lat' dir='ltr'><strong>art.</strong></span> <span class='ocrx_word' id='word_1_688' title='bbox 230 4977 339 5038; x_wconf 77' lang='lat' dir='ltr'><strong>praec,</strong></span> <span class='ocrx_word' id='word_1_689' title='bbox 355 4959 570 5021; x_wconf 85' lang='lat' dir='ltr'><strong>communiter</strong></span> <span class='ocrx_word' id='word_1_690' title='bbox 586 4957 670 5021; x_wconf 81' lang='lat' dir='ltr'><strong>dieta</strong></span> <span class='ocrx_word' id='word_1_691' title='bbox 688 4964 765 5019; x_wconf 91' lang='lat' dir='ltr'><strong>sunt</strong></span> <span class='ocrx_word' id='word_1_692' title='bbox 780 4958 866 5022; x_wconf 76' lang='lat' dir='ltr'><strong>circa</strong></span> <span class='ocrx_word' id='word_1_693' title='bbox 882 4977 945 5021; x_wconf 81' lang='lat' dir='ltr'><strong>ex·</strong></span> <span class='ocrx_word' id='word_1_694' title='bbox 992 4958 1061 5023; x_wconf 85' lang='lat' dir='ltr'><strong>idm</strong></span> <span class='ocrx_word' id='word_1_695' title='bbox 1076 4962 1207 5040; x_wconf 90' lang='lat' dir='ltr'><strong>quando</strong></span> <span class='ocrx_word' id='word_1_696' title='bbox 1221 4962 1256 5023; x_wconf 91' lang='lat' dir='ltr'><strong>lit</strong></span> <span class='ocrx_word' id='word_1_697' title='bbox 1273 4969 1405 5043; x_wconf 90' lang='lat' dir='ltr'><strong>propter</strong></span> <span class='ocrx_word' id='word_1_698' title='bbox 1423 4965 1590 5031; x_wconf 86' lang='lat' dir='ltr'><strong>lasciviam</strong></span> <span class='ocrx_word' id='word_1_699' title='bbox 1609 4967 1658 5028; x_wconf 88' lang='lat' dir='ltr'><strong>vel</strong></span> <span class='ocrx_word' id='word_1_700' title='bbox 1678 4966 1711 5027; x_wconf 90' lang='lat' dir='ltr'><strong>iu</strong></span> <span class='ocrx_word' id='word_1_701' title='bbox 1728 4963 1787 5026; x_wconf 85' lang='lat' dir='ltr'><strong>Dei</strong></span> <span class='ocrx_word' id='word_1_702' title='bbox 1872 4972 1880 4985; x_wconf 82' lang='lat'><em>⁰</em></span> 
     </span>
    </p>
   </div>
   <div class='ocr_carea' id='block_1_9' title="bbox 149 5036 1788 5203">
    <p class='ocr_par' dir='ltr' id='par_1_14' title="bbox 149 5036 1788 5203">
     <span class='ocr_line' id='line_1_58' title="bbox 149 5036 1787 5131; baseline 0.005 -35"><span class='ocrx_word' id='word_1_703' title='bbox 149 5039 303 5101; x_wconf 84' lang='lat' dir='ltr'><strong>seriorem</strong></span> <span class='ocrx_word' id='word_1_704' title='bbox 322 5038 465 5107; x_wconf 78' lang='lat' dir='ltr'><strong>cultum3</strong></span> <span class='ocrx_word' id='word_1_705' title='bbox 482 5042 514 5098; x_wconf 89' lang='lat' dir='ltr'><strong>et</strong></span> <span class='ocrx_word' id='word_1_706' title='bbox 530 5036 664 5129; x_wconf 73' lang='lat' dir='ltr'><strong>insuper</strong></span> <span class='ocrx_word' id='word_1_707' title='bbox 679 5036 841 5130; x_wconf 83' lang='lat' dir='ltr'><strong>quoddam</strong></span> <span class='ocrx_word' id='word_1_708' title='bbox 855 5037 943 5130; x_wconf 80' lang='lat' dir='ltr'><strong>aliud</strong></span> <span class='ocrx_word' id='word_1_709' title='bbox 992 5046 1211 5131; x_wconf 80' lang='lat' dir='ltr'><strong>coptemptum</strong></span> <span class='ocrx_word' id='word_1_710' title='bbox 1226 5060 1234 5101; x_wconf 84' lang='grc' dir='ltr'><strong>ι</strong></span> <span class='ocrx_word' id='word_1_711' title='bbox 1248 5042 1282 5103; x_wconf 94' lang='lat' dir='ltr'><strong>in</strong></span> <span class='ocrx_word' id='word_1_712' title='bbox 1294 5044 1412 5121; x_wconf 89' lang='lat' dir='ltr'><strong>quibus</strong></span> <span class='ocrx_word' id='word_1_713' title='bbox 1428 5044 1557 5107; x_wconf 84' lang='lat' dir='ltr'><strong>casibus</strong></span> <span class='ocrx_word' id='word_1_714' title='bbox 1569 5045 1715 5123; x_wconf 89' lang='lat' dir='ltr'><strong>loquitur</strong></span> <span class='ocrx_word' id='word_1_715' title='bbox 1726 5042 1787 5123; x_wconf 80' lang='lat' dir='ltr'><strong>Cy·</strong></span> 
     </span>
     <span class='ocr_line' id='line_1_59' title="bbox 150 5116 1788 5203; baseline 0.005 -28"><span class='ocrx_word' id='word_1_716' title='bbox 150 5116 301 5191; x_wconf 79' lang='lat' dir='ltr'><strong>spectate,</strong></span> <span class='ocrx_word' id='word_1_717' title='bbox 315 5116 403 5195; x_wconf 85' lang='lat' dir='ltr'><strong>quod</strong></span> <span class='ocrx_word' id='word_1_718' title='bbox 419 5116 541 5177; x_wconf 86' lang='lat' dir='ltr'><strong>scilicet</strong></span> <span class='ocrx_word' id='word_1_719' title='bbox 555 5116 720 5179; x_wconf 81' lang='lat' dir='ltr'><strong>muliebris</strong></span> <span class='ocrx_word' id='word_1_720' title='bbox 735 5116 841 5178; x_wconf 88' lang='lat' dir='ltr'><strong>cultus</strong></span> <span class='ocrx_word' id='word_1_721' title='bbox 856 5133 942 5179; x_wconf 87' lang='lat' dir='ltr'><strong>rrros</strong></span> <span class='ocrx_word' id='word_1_722' title='bbox 992 5134 1140 5197; x_wconf 85' lang='lat' dir='ltr'><strong>prranus.</strong></span> <span class='ocrx_word' id='word_1_723' title='bbox 1153 5118 1322 5189; x_wconf 84' lang='lat' dir='ltr'><strong>Sciendum</strong></span> <span class='ocrx_word' id='word_1_724' title='bbox 1336 5126 1443 5185; x_wconf 87' lang='lat' dir='ltr'><strong>tamen</strong></span> <span class='ocrx_word' id='word_1_725' title='bbox 1458 5123 1544 5203; x_wconf 87' lang='lat' dir='ltr'><strong>qudd</strong></span> <span class='ocrx_word' id='word_1_726' title='bbox 1559 5122 1646 5185; x_wconf 89' lang='lat' dir='ltr'><strong>aliud</strong></span> <span class='ocrx_word' id='word_1_727' title='bbox 1660 5126 1709 5183; x_wconf 90' lang='lat' dir='ltr'><strong>est</strong></span> <span class='ocrx_word' id='word_1_728' title='bbox 1722 5121 1788 5183; x_wconf 83' lang='lat' dir='ltr'><strong>iln-</strong></span> 
     </span>
    </p>
   </div>
   <div class='ocr_carea' id='block_1_10' title="bbox 151 5191 1901 5279">
    <p class='ocr_par' dir='ltr' id='par_1_15' title="bbox 151 5191 1901 5279">
     <span class='ocr_line' id='line_1_60' title="bbox 151 5191 1901 5279; baseline 0.004 -24"><span class='ocrx_word' id='word_1_729' title='bbox 151 5192 193 5255; x_wconf 90' lang='lat' dir='ltr'><strong>ad</strong></span> <span class='ocrx_word' id='word_1_730' title='bbox 207 5192 372 5257; x_wconf 76' lang='lat' dir='ltr'><strong>tascium</strong></span> <span class='ocrx_word' id='word_1_731' title='bbox 411 5199 559 5265; x_wconf 79' lang='lat' dir='ltr'><strong>revocat,</strong></span> <span class='ocrx_word' id='word_1_732' title='bbox 574 5191 752 5256; x_wconf 81' lang='lat' dir='ltr'><strong>secundum</strong></span> <span class='ocrx_word' id='word_1_733' title='bbox 770 5195 945 5257; x_wconf 86' lang='lat' dir='ltr'><strong>illude-</strong></span> <span class='ocrx_word' id='word_1_734' title='bbox 992 5214 1069 5277; x_wconf 76' lang='lat' dir='ltr'><strong>gere</strong></span> <span class='ocrx_word' id='word_1_735' title='bbox 1091 5199 1364 5277; x_wconf 85' lang='lat' dir='ltr'><strong>pulchritudinem</strong></span> <span class='ocrx_word' id='word_1_736' title='bbox 1389 5218 1455 5267; x_wconf 89' lang='lat' dir='ltr'><strong>non</strong></span> <span class='ocrx_word' id='word_1_737' title='bbox 1478 5202 1623 5279; x_wconf 81' lang='lat' dir='ltr'><strong>habitam</strong></span> <span class='ocrx_word' id='word_1_738' title='bbox 1644 5205 1677 5261; x_wconf 88' lang='lat' dir='ltr'><strong>et</strong></span> <span class='ocrx_word' id='word_1_739' title='bbox 1698 5200 1786 5263; x_wconf 80' lang='lat' dir='ltr'><strong>eliud</strong></span> <span class='ocrx_word' id='word_1_740' title='bbox 1895 5194 1901 5205; x_wconf 88' lang='lat'>&#39;</span> 
     </span>
    </p>
   </div>
   <div class='ocr_carea' id='block_1_11' title="bbox 61 5271 1788 5833">
    <p class='ocr_par' dir='ltr' id='par_1_16' title="bbox 61 5271 1788 5833">
     <span class='ocr_line' id='line_1_61' title="bbox 154 5271 1777 5358; baseline 0.007 -28"><span class='ocrx_word' id='word_1_741' title='bbox 154 5271 241 5331; x_wconf 85' lang='lat' dir='ltr'><strong>verb.</strong></span> <span class='ocrx_word' id='word_1_742' title='bbox 255 5272 286 5343; x_wconf 82' lang='lat'><strong>7,</strong></span> <span class='ocrx_word' id='word_1_743' title='bbox 302 5271 364 5333; x_wconf 85' lang='lat'><strong>10:</strong></span> <span class='ocrx_word' id='word_1_744' title='bbox 414 5274 590 5335; x_wconf 74' lang='lat' dir='ltr'><strong>eremelier</strong></span> <span class='ocrx_word' id='word_1_745' title='bbox 605 5274 745 5335; x_wconf 76' lang='lat' dir='ltr'><strong>occiente</strong></span> <span class='ocrx_word' id='word_1_746' title='bbox 760 5273 810 5336; x_wconf 85' lang='lat' dir='ltr'><strong>itti</strong></span> <span class='ocrx_word' id='word_1_747' title='bbox 826 5281 944 5337; x_wconf 75' lang='lat' dir='ltr'><strong>oreretur</strong></span> <span class='ocrx_word' id='word_1_748' title='bbox 994 5276 1156 5341; x_wconf 87' lang='lat' dir='ltr'><strong>occultare</strong></span> <span class='ocrx_word' id='word_1_749' title='bbox 1170 5280 1400 5357; x_wconf 83' lang='lat' dir='ltr'><strong>turpitudinem</strong></span> <span class='ocrx_word' id='word_1_750' title='bbox 1416 5297 1457 5341; x_wconf 82' lang='lat' dir='ltr'><strong>ex</strong></span> <span class='ocrx_word' id='word_1_751' title='bbox 1472 5276 1697 5358; x_wconf 76' lang='lat' dir='ltr'><strong>aliqubeaustl</strong></span> <span class='ocrx_word' id='word_1_752' title='bbox 1711 5296 1777 5357; x_wconf 87' lang='lat' dir='ltr'><strong>pro</strong></span> 
     </span>
     <span class='ocr_line' id='line_1_62' title="bbox 151 5350 1784 5437; baseline 0.004 -26"><span class='ocrx_word' id='word_1_753' title='bbox 151 5350 324 5413; x_wconf 84' lang='lat' dir='ltr'><strong>meretricio</strong></span> <span class='ocrx_word' id='word_1_754' title='bbox 336 5350 566 5431; x_wconf 84' lang='lat' dir='ltr'><strong>proepurotood</strong></span> <span class='ocrx_word' id='word_1_755' title='bbox 579 5351 647 5417; x_wconf 81' lang='lat' dir='ltr'><strong>deci</strong></span> <span class='ocrx_word' id='word_1_756' title='bbox 669 5351 777 5414; x_wconf 83' lang='lat' dir='ltr'><strong>tendas</strong></span> <span class='ocrx_word' id='word_1_757' title='bbox 790 5353 922 5415; x_wconf 78' lang='grc' dir='ltr'><strong>ιιιίιιαι.</strong></span> <span class='ocrx_word' id='word_1_758' title='bbox 995 5354 1195 5431; x_wconf 80' lang='lat' dir='ltr'><strong>seuientem,</strong></span> <span class='ocrx_word' id='word_1_759' title='bbox 1214 5356 1292 5436; x_wconf 79' lang='lat' dir='ltr'><strong>pusi</strong></span> <span class='ocrx_word' id='word_1_760' title='bbox 1311 5357 1498 5437; x_wconf 71' lang='lat' dir='ltr'><strong>egritudine</strong></span> <span class='ocrx_word' id='word_1_761' title='bbox 1520 5360 1568 5420; x_wconf 87' lang='lat' dir='ltr'><strong>vel</strong></span> <span class='ocrx_word' id='word_1_762' title='bbox 1586 5358 1697 5436; x_wconf 81' lang='lat' dir='ltr'><strong>nltqno</strong></span> <span class='ocrx_word' id='word_1_763' title='bbox 1718 5358 1784 5419; x_wconf 89' lang='lat' dir='ltr'><strong>bn-</strong></span> 
     </span>
     <span class='ocr_line' id='line_1_63' title="bbox 191 5427 1785 5515; baseline 0.007 -27"><span class='ocrx_word' id='word_1_764' title='bbox 191 5427 298 5491; x_wconf 79' lang='lat' dir='ltr'><strong>Potest</strong></span> <span class='ocrx_word' id='word_1_765' title='bbox 314 5432 421 5490; x_wconf 88' lang='lat' dir='ltr'><strong>tamen</strong></span> <span class='ocrx_word' id='word_1_766' title='bbox 435 5429 553 5493; x_wconf 89' lang='lat' dir='ltr'><strong>mulier</strong></span> <span class='ocrx_word' id='word_1_767' title='bbox 567 5430 621 5493; x_wconf 87' lang='lat' dir='ltr'><strong>lici</strong></span> <span class='ocrx_word' id='word_1_768' title='bbox 669 5448 802 5511; x_wconf 88' lang='lat' dir='ltr'><strong>operam</strong></span> <span class='ocrx_word' id='word_1_769' title='bbox 813 5431 891 5495; x_wconf 81' lang='lat' dir='ltr'><strong>darc</strong></span> <span class='ocrx_word' id='word_1_770' title='bbox 903 5430 943 5495; x_wconf 87' lang='lat' dir='ltr'><strong>ad</strong></span> <span class='ocrx_word' id='word_1_771' title='bbox 989 5430 1220 5513; x_wconf 75' lang='lat' dir='ltr'><strong>jusmodizboc</strong></span> <span class='ocrx_word' id='word_1_772' title='bbox 1229 5435 1513 5506; x_wconf 81' lang='lat' dir='ltr'><strong>enimestlicitum,</strong></span> <span class='ocrx_word' id='word_1_773' title='bbox 1524 5435 1785 5515; x_wconf 84' lang='lat' dir='ltr'><strong>quiesecuuddm</strong></span> 
     </span>
     <span class='ocr_line' id='line_1_64' title="bbox 152 5502 1786 5657; baseline 0.007 -92"><span class='ocrx_word' id='word_1_774' title='bbox 152 5504 214 5567; x_wconf 85' lang='lat' dir='ltr'><strong>troc</strong></span> <span class='ocrx_word' id='word_1_775' title='bbox 230 5502 402 5598; x_wconf 29' lang='lat' dir='ltr'><strong>qubdnviro</strong></span> <span class='ocrx_word' id='word_1_776' title='bbox 415 5524 474 5569; x_wconf 88' lang='lat' dir='ltr'><strong>suo</strong></span> <span class='ocrx_word' id='word_1_777' title='bbox 490 5508 631 5600; x_wconf 80' lang='lat' dir='ltr'><strong>placeat.</strong></span> <span class='ocrx_word' id='word_1_778' title='bbox 647 5528 688 5572; x_wconf 87' lang='lat' dir='ltr'><strong>ne</strong></span> <span class='ocrx_word' id='word_1_779' title='bbox 702 5528 760 5589; x_wconf 87' lang='lat' dir='ltr'><strong>per</strong></span> <span class='ocrx_word' id='word_1_780' title='bbox 775 5510 845 5589; x_wconf 84' lang='lat' dir='ltr'><strong>ejus</strong></span> <span class='ocrx_word' id='word_1_781' title='bbox 863 5527 945 5583; x_wconf 87' lang='lat' dir='ltr'><strong>eon-</strong></span> <span class='ocrx_word' id='word_1_782' title='bbox 992 5512 1213 5597; x_wconf 78' lang='lat' dir='ltr'><strong>Apostoluml</strong></span> <span class='ocrx_word' id='word_1_783' title='bbox 1227 5514 1267 5576; x_wconf 94' lang='lat' dir='ltr'><strong>ad</strong></span> <span class='ocrx_word' id='word_1_784' title='bbox 1277 5512 1421 5577; x_wconf 88' lang='lat' dir='ltr'><strong>Corinth.</strong></span> <span class='ocrx_word' id='word_1_785' title='bbox 1436 5514 1485 5587; x_wconf 79' lang='lat'><strong>12,</strong></span> <span class='ocrx_word' id='word_1_786' title='bbox 1498 5514 1549 5591; x_wconf 72' lang='lat'><strong>23,</strong></span> <span class='ocrx_word' id='word_1_787' title='bbox 1562 5534 1629 5597; x_wconf 83' lang='lat' dir='ltr'><strong>que</strong></span> <span class='ocrx_word' id='word_1_788' title='bbox 1640 5524 1786 5657; x_wconf 50' lang='lat' dir='ltr'><strong>fintenus</strong></span> 
     </span>
     <span class='ocr_line' id='line_1_65' title="bbox 61 5585 1630 5666; baseline 0.01 -24"><span class='ocrx_word' id='word_1_789' title='bbox 61 5605 67 5630; x_wconf 77' lang='grc' dir='ltr'><strong>ι</strong></span> <span class='ocrx_word' id='word_1_790' title='bbox 152 5588 215 5645; x_wconf 90' lang='lat' dir='ltr'><strong>tem</strong></span> <span class='ocrx_word' id='word_1_791' title='bbox 239 5590 307 5645; x_wconf 90' lang='lat' dir='ltr'><strong>turn</strong></span> <span class='ocrx_word' id='word_1_792' title='bbox 321 5602 354 5645; x_wconf 91' lang='lat' dir='ltr'><strong>m</strong></span> <span class='ocrx_word' id='word_1_793' title='bbox 366 5585 559 5647; x_wconf 81' lang='lat' dir='ltr'><strong>adulterium</strong></span> <span class='ocrx_word' id='word_1_794' title='bbox 573 5588 711 5651; x_wconf 82' lang='lat' dir='ltr'><strong>labatur.</strong></span> <span class='ocrx_word' id='word_1_795' title='bbox 727 5588 816 5651; x_wconf 89' lang='lat' dir='ltr'><strong>Unde</strong></span> <span class='ocrx_word' id='word_1_796' title='bbox 828 5589 945 5652; x_wconf 90' lang='lat' dir='ltr'><strong>dicitnr</strong></span> <span class='ocrx_word' id='word_1_797' title='bbox 994 5594 1008 5653; x_wconf 88' lang='lat' dir='ltr'><strong>i</strong></span> <span class='ocrx_word' id='word_1_798' title='bbox 1028 5589 1330 5653; x_wconf 84' lang='lat' dir='ltr'><strong>nobilioromembro</strong></span> <span class='ocrx_word' id='word_1_799' title='bbox 1344 5608 1399 5653; x_wconf 87' lang='lat' dir='ltr'><strong>cor</strong></span> <span class='ocrx_word' id='word_1_800' title='bbox 1421 5592 1630 5666; x_wconf 70' lang='lat' dir='ltr'><strong>misceretis</strong></span> 
     </span>
     <span class='ocr_line' id='line_1_66' title="bbox 153 5603 1505 5755; baseline 0.01 -34"><span class='ocrx_word' id='word_1_801' title='bbox 153 5603 389 5755; x_wconf 51' lang='lat' dir='ltr'><strong>iesconntb.</strong></span> <span class='ocrx_word' id='word_1_802' title='bbox 403 5665 434 5738; x_wconf 83' lang='grc'><strong>’1,</strong></span> <span class='ocrx_word' id='word_1_803' title='bbox 450 5662 501 5737; x_wconf 80' lang='lat' dir='ltr'><strong>st,</strong></span> <span class='ocrx_word' id='word_1_804' title='bbox 523 5664 608 5743; x_wconf 86' lang='lat' dir='ltr'><strong>qudd</strong></span> <span class='ocrx_word' id='word_1_805' title='bbox 628 5668 825 5749; x_wconf 69' lang='lat' dir='ltr'><strong>nulleque</strong></span> <span class='ocrx_word' id='word_1_806' title='bbox 844 5678 945 5747; x_wconf 84' lang='lat' dir='ltr'><strong>nupta</strong></span> <span class='ocrx_word' id='word_1_807' title='bbox 994 5607 1252 5731; x_wconf 35' lang='lat' dir='ltr'><strong>abundantiorem</strong></span> <span class='ocrx_word' id='word_1_808' title='bbox 1268 5670 1356 5733; x_wconf 83' lang='lat' dir='ltr'><strong>circo</strong></span> <span class='ocrx_word' id='word_1_809' title='bbox 1408 5691 1505 5735; x_wconf 83' lang='lat' dir='ltr'><strong>omne.</strong></span> 
     </span>
     <span class='ocr_line' id='line_1_67' title="bbox 152 5744 1788 5833; baseline 0.011 -33"><span class='ocrx_word' id='word_1_810' title='bbox 152 5748 207 5811; x_wconf 85' lang='lat' dir='ltr'><strong>eet,</strong></span> <span class='ocrx_word' id='word_1_811' title='bbox 223 5748 427 5822; x_wconf 75' lang='lat' dir='ltr'><strong>cuperetque</strong></span> <span class='ocrx_word' id='word_1_812' title='bbox 439 5751 514 5805; x_wconf 84' lang='lat' dir='ltr'><strong>eunt</strong></span> <span class='ocrx_word' id='word_1_813' title='bbox 525 5744 643 5815; x_wconf 78' lang='lat' dir='ltr'><strong>nendi.</strong></span> <span class='ocrx_word' id='word_1_814' title='bbox 660 5746 811 5829; x_wconf 82' lang='lat' dir='ltr'><strong>quomodd</strong></span> <span class='ocrx_word' id='word_1_815' title='bbox 823 5749 945 5829; x_wconf 81' lang='lat' dir='ltr'><strong>plorent</strong></span> <span class='ocrx_word' id='word_1_816' title='bbox 1037 5749 1084 5811; x_wconf 84' lang='lat' dir='ltr'><strong>nd</strong></span> <span class='ocrx_word' id='word_1_817' title='bbox 1094 5748 1222 5811; x_wconf 88' lang='lat' dir='ltr'><strong>tortium</strong></span> <span class='ocrx_word' id='word_1_818' title='bbox 1232 5749 1400 5815; x_wconf 85' lang='lat' dir='ltr'><strong>dicendum</strong></span> <span class='ocrx_word' id='word_1_819' title='bbox 1411 5752 1508 5833; x_wconf 72' lang='lat' dir='ltr'><strong>quiid,</strong></span> <span class='ocrx_word' id='word_1_820' title='bbox 1520 5752 1728 5819; x_wconf 84' lang='lat' dir='ltr'><strong>sieutdietum</strong></span> <span class='ocrx_word' id='word_1_821' title='bbox 1739 5760 1788 5818; x_wconf 80' lang='lat' dir='ltr'><strong>eet</strong></span> 
     </span>
    </p>
   </div>
   <div class='ocr_carea' id='block_1_12' title="bbox 0 0 2044 6164">
    <p class='ocr_par' dir='ltr' id='par_1_17' title="bbox 0 0 2044 6164">
     <span class='ocr_line' id='line_1_68' title="bbox 0 0 2044 6164; baseline 0 0"><span class='ocrx_word' id='word_1_822' title='bbox 0 0 2044 6164; x_wconf 95' lang='lat' dir='ltr'><strong> </strong></span> 
     </span>
    </p>
   </div>
   <div class='ocr_carea' id='block_1_13' title="bbox 1662 5610 1857 5657">
    <p class='ocr_par' dir='ltr' id='par_1_18' title="bbox 1662 5610 1857 5657">
     <span class='ocr_line' id='line_1_69' title="bbox 1662 5610 1857 5657; baseline 0 -1"><span class='ocrx_word' id='word_1_823' title='bbox 1662 5610 1787 5657; x_wconf 78' lang='lat' dir='ltr'><strong>onorem</strong></span> <span class='ocrx_word' id='word_1_824' title='bbox 1856 5610 1857 5615; x_wconf 67' lang='grc'>’</span> 
     </span>
    </p>
   </div>
  </div>
 </body>
</html>
