4067 6175
279 319 331 376 eu
718 309 848 369 sussum
864 305 1465 372 nicoconressecunmssconoa.
1860 319 1908 380 aas

274 449 379 504 ιιιιιιιιι
391 437 492 492 omem
512 446 588 492 soa.
612 425 698 508 Ergo
722 423 967 506 magnanimitas
999 442 1063 487 non
1118 423 1438 487 tusdiversiticantur
1452 423 1781 494 seeundbmdlrersns
1795 429 1909 497 auium
1979 465 1980 482 ι

271 515 326 582 ‚est
340 509 453 571 virtus.
1118 501 1389 580 apprehensiones
1407 507 1440 564 et
1459 503 1653 568 affectiones.
1676 507 1715 568 iit
1733 507 1907 572 mantin

271 652 275 658 ,
314 588 346 648 d
360 585 527 654 Praeterea,
542 581 644 645 cirins
662 587 705 642 est
721 579 804 649 bono
823 579 958 660 qualitor
981 597 1065 640 men·
1119 583 1178 640 hoe
1188 581 1343 660 contingit
1356 581 1441 658 qubd
1457 582 1496 644 ad
1519 599 1569 643 ma
1594 584 1816 646 nanimitatem
1833 603 1909 648 eon-

276 667 334 732 tis.
350 671 495 741 utsupra
516 663 659 724 habitum
676 663 742 730 est,
761 657 836 729 1-2,
862 663 976 735 quest.
1004 657 1065 725 53,
1117 664 1299 736 sequuntur
1323 659 1468 736 quasdam
1493 662 1561 722 aeci
1582 663 1670 724 entia
1696 664 1908 729 determinata

273 751 337 806 art.
353 739 707 819 i.Sesimagnanimitas
719 737 815 797 babet
826 735 981 813 quasdam
995 752 1065 796 cor·
1117 735 1201 798 eirea
1222 742 1326 797 motus
1341 738 1536 815 corporales.
1553 739 1710 802 velocitas
1728 742 1817 803 enim
1844 759 1908 804 mo·

320 821 403 884 rates
415 815 744 898 dispositioneszdieit
755 814 841 874 enim
851 813 1063 892 Philosophus
1118 811 1170 873 tris
1184 815 1436 892 provenitexeo
1469 816 1532 878 ubd
1556 817 1653 878 bomo
1672 817 1711 879 ad
1735 821 1837 881 muita
1861 820 1894 883 in

273 917 309 962 m
323 899 343 958 b
356 899 479 968 Etbic.,
494 914 564 988 cap.
577 895 608 964 3,
621 891 641 956 d
655 891 751 964 med„
766 890 852 970 qudd
866 901 969 951 motus
990 893 1065 951 lca·
1117 892 1215 951 tendit
1226 910 1299 969 qum
1308 833 1590 971 expiere‘dcstinat.
1609 895 1668 958 Sed
1681 899 1908 976 magnanimus

275 986 327 1039 tos
352 973 542 1055 magnanima
568 972 709 1038 ιιιιιιιιι.
738 977 766 1031 ιι
791 987 857 1030 ons
885 970 1008 1048 menis,
1035 978 1063 1029 et
1116 967 1249 1030 intendit
1259 968 1365 1032 soldm
1379 969 1418 1032 ad
1443 988 1575 1053 magna,
1599 991 1672 1054 qua
1734 993 1797 1038 noa
1817 985 1906 1048 sunt,

272 1055 392 1128 leontio
408 1052 541 1116 nobilis.
560 1051 646 1130 Ergo
668 1047 915 1128 magnanimitas
934 1059 1064 1110 nonest
1115 1047 1290 1125 quostiam
1302 1047 1443 1128 indigent
1452 1048 1570 1189 ιιιιὶιιι
1584 1055 1685 1114 allent
1697 1070 1772 1128 oue,
1787 1059 1821 1116 et
1837 1055 1907 1116 istob

274 1134 387 1198 virim-
1116 1123 1346 1187 habetmotum
1359 1127 1497 1188 tardum.
1534 1129 1662 1190 imiliter
1671 1131 1770 1193 etiam
1783 1134 1907 1196 acuitas

313 1210 345 1272 i.
360 1213 526 1279 Praeterea,
541 1207 628 1268 nulia
651 1206 751 1266 virtus
776 1203 951 1282 opponitur
970 1203 1063 1266 alleri
1115 1204 1203 1264 vocis
1226 1209 1256 1265 el
1274 1205 1426 1267 roioeitas
1446 1205 1604 1285 praecipui
1615 1209 1766 1288 competit
1786 1209 1840 1273 his
1855 1214 1908 1290 q'ui

272 1290 394 1351 virtuti.
414 1287 474 1348 Sed
499 1284 745 1364 magnanimitas
772 1283 1064 1373 oponilurhumi·
1114 1281 1153 1342 de
1165 1283 1360 1359 quibuslibet
1374 1285 1567 1346 contendere
1590 1288 1711 1359 volunt,
1735 1289 1826 1364 quod
1846 1307 1908 1352 non
1977 1363 1978 1368 γ

270 1367 377 1432 litati:
394 1383 468 1428 nam
489 1363 701 1442 magnanimos
727 1379 757 1421 ιι
785 1301 915 1439 dquam
936 1367 1062 1440 reputet
1114 1361 1252 1438 pertinet
1271 1362 1309 1421 nd
1325 1363 1564 1444 magnanimos,
1585 1364 1641 1456 qui
1660 1379 1724 1425 non
1748 1365 1910 1429 intromit-
1972 1407 1978 1447 ,

271 1445 411 1525 mugnis,
437 1454 465 1504 ct
486 1443 566 1504 «alios
585 1439 769 1506 contemnit,
789 1445 827 1500 ut
845 1439 962 1499 dicitur
984 1439 1016 1499 in
1043 1435 1064 1498 l
1114 1442 1186 1498 tunt
1201 1457 1235 1500 se
1249 1439 1309 1500 nisi
1325 1439 1362 1502 de
1377 1441 1513 1577 maqnis.
1526 1441 1566 1502 Et
1581 1448 1663 1503 ssent
1674 1442 1910 1522 prmdietsedis·
1972 1447 1978 1507 .’

272 1525 391 1596 Echio,
404 1522 466 1584 loc.
481 1521 535 1582 cil.
551 1519 636 1599 Ergo
656 1517 904 1596 magnanimitas
929 1533 994 1578 non
1014 1523 1063 1580 est
1114 1516 1289 1594 positiones
1303 1535 1438 1596 corpora
1453 1522 1518 1580 ium
1538 1526 1682 1581 motuum
1707 1525 1908 1585 conveniunt

273 1604 388 1666 virtus.
1115 1596 1325 1674 rrragnanirnis
1338 1594 1512 1658 secunddm
1524 1599 1651 1659 modum
1662 1597 1849 1662 allectionis
1858 1619 1909 1664 eo·

264 1675 270 1686 '
312 1679 345 1740 5.
369 1681 538 1744 Praeterea,
551 1673 722 1752 cujuslibet
735 1671 859 1733 vinulis
877 1671 1064 1750 proprieta-
1106 1687 1198 1742 rnen,
1211 1673 1253 1734 ita
1268 1675 1363 1735 etiam
1377 1673 1410 1736 in
1422 1674 1471 1735 bis
1482 1677 1537 1754 qui
1548 1681 1622 1737 sunl
1636 1678 1910 1741 naturaliterdis-

273 1762 323 1820 tes
339 1760 414 1818 sunt
435 1753 623 1816 laudabiles.
635 1751 694 1812 sod
710 1751 955 1828 magnanimitas
968 1751 1064 1812 habet
1115 1750 1211 1827 posili
1223 1750 1262 1812 ad
1276 1753 1583 1831 magnanimitatem,
1606 1753 1685 1816 tales
1704 1757 1908 1821 conditiones

272 1833 428 1914 quasdam
453 1833 661 1909 proprietates
688 1828 940 1906 vituperabiles:
960 1828 1063 1908 primis
1115 1829 1306 1890 naturaliter
1320 1829 1539 1893 inveniuntur.

273 1910 413 1992 quidem,
436 1910 514 1988 quia
533 1907 755 1986 magnanimus
775 1922 840 1967 non
864 1911 913 1966 cst
941 1923 1065 1968 memor
1155 1906 1200 1966 hd
1216 1911 1365 1984 quartum
1379 1908 1545 1971 dicendum
1559 1909 1644 1988 qnod
1661 1910 1694 1972 in
1711 1911 1847 1974 homine
1863 1915 1908 1974 iu·

262 1989 521 2070 beneficiorum:
559 1984 717 2052 secundo,
750 1984 828 2061 quia
857 1989 906 2044 est
937 1986 1061 2047 otiosus
1117 1985 1379 2064 venituraliquid
1401 2005 1564 2068 magnum,
1588 1988 1729 2068 quodex
1749 1990 1907 2055 innobet

272 2072 304 2130 et
316 2067 425 2131 tardus
436 2086 444 2135 ;
457 2063 570 2135 tertid,
585 2063 663 2140 quia
681 2065 783 2123 utitur
795 2060 900 2124 imnid
917 2062 957 2124 ad
972 2063 1063 2124 mui—
1114 2062 1269 2140 possidet;
1284 2071 1316 2125 et
1332 2065 1449 2144 aliquis
1461 2065 1612 2139 deiectus,
1627 2068 1682 2145 qui
1706 2071 1865 2146 competit
1880 2073 1906 2132 ei

271 2144 480 2223 tosaquartd,
497 2141 651 2220 quianon
667 2140 856 2218 potestaliis
872 2141 1060 2213 conviserea
1114 2157 1154 2200 ex
1182 2141 1364 2203 infirmitate
1388 2147 1521 2206 naturae.
1552 2143 1602 2204 hia
1628 2146 1806 2207 nanimitas
1832 2165 1907 2209 ereo

258 2223 404 2302 quintii.
439 2222 518 2299 quia
555 2219 657 2298 magis
691 2218 832 2297 possidet
864 2217 1061 2282 infructuosa
1114 2215 1393 2309 iar-cilquddbomo
1409 2239 1443 2283 se
1460 2221 1584 2359 magnis
1602 2163 1763 2303 dignificet
1791 2195 1909 2286 seeu‘r’r·

271 2298 371 2378 quim
383 2298 556 2363 fructuosa.
571 2297 657 2378 Ergo
670 2295 916 2376 magnanimitas
931 2314 996 2359 uon
1013 2304 1063 2360 est
1113 2294 1186 2356 dum
1204 2297 1491 2360 considerationum
1526 2317 1748 2379 suorumque
1762 2304 1908 2380 possidet

274 2379 390 2442 virtus.
1113 2393 1153 2436 en
1177 2375 1261 2450 lieo;
1289 2377 1371 2438 sieut
1400 2377 1425 2437 si
1455 2377 1550 2439 habel
1574 2395 1723 2458 magnam
1753 2381 1908 2442 virtutem

311 2455 369 2518 Sed
391 2459 502 2518 contra
525 2450 677 2529 estquod
702 2453 734 2513 in
757 2451 885 2513 laudem
903 2469 1063 2530 qnorum·
1113 2453 1229 2527 animi,
1251 2455 1496 2536 magnanimitas
1521 2456 1688 2534 iacilqudd
1705 2455 1745 2518 ad
1764 2457 1908 2536 perlecta

270 2533 345 2596 dam
366 2532 483 2596 dicitur
506 2531 527 2592 2
555 2531 701 2592 hiaebab.
731 2529 786 2600 tt,
816 2527 854 2590 18
884 2550 892 2590 r
917 2531 1062 2592 Nicanor
1113 2547 1210 2608 opera
1226 2533 1352 2593 virtutis
1375 2533 1483 2593 laudat
1497 2552 1505 2594 ι
1520 2539 1551 2594 et
1568 2535 1713 2595 similiter
1727 2540 1777 2596 est
1798 2537 1905 2598 diceu-

273 2613 404 2674 nndiens
430 2612 577 2672 virtualem
605 2608 750 2670 comitum
775 2609 881 2680 liade,
911 2618 939 2668 ιι
965 2610 1062 2671 enimi
1112 2607 1187 2668 dum
1204 2609 1242 2670 do
1262 2627 1323 2670 usu
1350 2611 1520 2690 cujuslibet
1544 2612 1676 2673 alterius
1707 2613 1800 2685 boni,
1828 2613 1905 2705 pulsi

270 2690 525 2770 magnitudinum.
538 2689 827 2826 qnornprg'potrie
845 2687 1062 2793 certaminibus
1113 2687 1272 2824 scitantiale,
1285 2690 1348 2780 'vei
1366 2689 1537 2827 ggllerioris
1561 2691 1706 2784 iorlunae.
1734 2691 1906 2784 Hurnriitas

186 2811 189 2814 ’
270 2767 671 2934 &dilaniatam
684 2766 1062 2934 ‚titthia‘itaata
1112 2771 1906 2935 itiauliisalatiaias’tillitlil:

273 2941 386 3002 opera.
398 2924 489 3013 Ergo·
497 2928 742 3000 magnanimitas
759 2920 799 2982 ad
816 2937 913 3011 quam
927 2921 1063 3000 pertinet
1113 2919 1361 3018 sirmiileretinm
1369 2925 1902 3059 magnanimitascontemnitalios.

271 3000 1061 3157 matastttffilalila‘altilia,aas
1112 3000 1907 3161 :italiaitarital.filialitas

274 3158 401 3220 virtutis
414 3158 563 3219 humanm
575 3155 712 3247 pertinet
737 3160 773 3215 ut
787 3155 819 3216 in
834 3156 930 3217 rebus
946 3156 1063 3218 iruma-
1114 3155 1233 3232 aliquid
1248 3157 1397 3217 indecens
1417 3158 1521 3218 iaciat.
1545 3158 1603 3218 Sed
1632 3160 1797 3221 irumiiitas
1826 3162 1908 3227 alins

274 3237 325 3298 nis
338 3239 458 3298 bonum
472 3233 604 3295 ralioms
626 3239 786 3306 servetur,
809 3233 894 3311 quod
919 3238 967 3295 est
981 3252 1063 3311 pro-
1116 3232 1252 3293 honorat
1263 3240 1292 3293 et
1302 3236 1482 3312 superiores
1494 3237 1638 3308 uslimal,
1654 3238 1863 3314 inquantum
1878 3241 1908 3301 in

212 3323 215 3329 '
271 3316 380 3394 prium
401 3312 538 3375 bominis
561 3313 693 3372 bonurn
712 3312 799 3371 inter
812 3317 941 3372 ceteras
955 3318 1062 3372 autem
1114 3312 1159 3371 eis
1173 3310 1292 3391 aliquid
1303 3313 1430 3391 inspicit
1443 3314 1481 3374 de
1497 3314 1589 3374 dorsis
1606 3315 1674 3375 Dei.
1689 3316 1777 3377 Unde
1791 3317 1909 3377 dicitur

270 3411 324 3455 res
339 3393 496 3455 humanas
512 3390 700 3461 exteriores,
713 3390 851 3451 bonores
866 3390 1062 3467 precipuum
1113 3386 1146 3449 in
1162 3391 1242 3467 psai.
1257 3388 1312 3459 il,
1327 3388 1413 3463 t‚de
1427 3392 1497 3451 siro
1511 3394 1598 3471 justo
1614 3394 1684 3453 :Ad
1692 3393 1829 3455 nihilum
1854 3395 1911 3455 dc-

271 3472 381 3534 iocum
402 3474 521 3537 teuent,
547 3468 631 3529 sicut
652 3466 771 3528 dictum
794 3473 843 3577 est
869 3473 929 3529 art.
952 3470 967 3528 i
993 3470 1059 3607 Ιιιιέ.
1097 3466 1224 3563 Ιιιιιιιιιι
1244 3476 1286 3527 ιιι
1302 3469 1336 3529 s'n
1356 3479 1519 3551 conspeetu
1537 3470 1601 3551 ejus
1621 3470 1800 3565 malignius,
1819 3473 1910 3567 quod

273 3544 1063 3705 hiimiiitiaiiiiaiaihiti'hihi
1114 3546 1911 3719 titaliltilliltlaalt?liii,aaa

272 3706 364 3784 ponit
375 3705 460 3766 circa
471 3719 604 3781 magnos
619 3702 770 3771 honores,
788 3708 836 3762 est
848 3702 960 3763 virtus.
1113 3702 1152 3763 ad
1175 3701 1415 3763 honorationem
1438 3704 1578 3765 humitis.
1595 3704 1633 3763 Et
1647 3706 1693 3765 sie
1706 3710 1794 3782 patet
1819 3707 1910 3783 qudd

313 3782 360 3843 Ad
382 3782 519 3860 primum
545 3796 622 3858 ergo
649 3778 817 3839 dicendum
844 3780 947 3854 qudd,
980 3780 1063 3841 sicut
1114 3780 1357 3859 magnanimitas
1377 3783 1408 3841 et
1427 3780 1588 3843 humilitas
1603 3800 1666 3842 non
1682 3789 1758 3844 sunt
1772 3790 1910 3844 eontra-

272 3860 369 3923 ctiam
381 3858 593 3935 Philosophus
610 3856 687 3916 dicit
698 3854 731 3916 in
754 3854 773 3914 ιι
791 3856 913 3926 Elide..
935 3876 1005 3936 cap.
1025 3858 1060 3929 3,
1113 3857 1173 3927 ria,
1189 3860 1337 3937 quamvis
1351 3858 1383 3919 in
1397 3863 1558 3923 contraria
1576 3860 1703 3922 tendere
1717 3862 1907 3935 rideantur,

272 3934 387 4017 pariam
403 3934 425 4000 d
440 3935 555 4014 princ,
570 3934 784 4013 magnanimus
798 3941 840 3991 est
857 3934 978 4013 quidem
989 3954 1060 3997 mo-
1113 3936 1188 4013 qnia
1204 3936 1378 4013 procedunt
1397 3936 1572 3999 secunddm
1595 3938 1738 4001 diversas
1756 3940 1909 4003 consido·

271 4014 437 4095 penitudine
454 4023 626 4084 extreman,
646 4012 678 4073 in
702 4016 858 4089 quantum
883 4014 1003 4073 scilicet
1021 4015 1060 4077 ad
1114 4016 1266 4074 rationes.

252 4090 413 4155 'maxima
442 4092 563 4153 tendit:
579 4110 613 4151 eo
638 4098 739 4150 entem
758 4088 841 4168 qnod
860 4098 895 4149 nt
917 4101 1059 4169 oportet,
1153 4092 1198 4150 hd
1219 4092 1367 4169 quintum
1392 4090 1558 4155 dicendum
1577 4094 1661 4171 qubd
1688 4095 1908 4173 proprietates

270 4170 398 4239 aredius.
414 4171 490 4249 quia
511 4167 705 4230 sidonense
721 4184 758 4229 ca
775 4184 847 4259 qum
863 4174 938 4228 sunl
951 4170 1062 4230 maxi-
1113 4170 1174 4230 iiim
1189 4168 1361 4233 secunddm
1383 4170 1468 4247 qudd
1485 4171 1524 4231 ad
1541 4174 1780 4251 magnanimum
1806 4175 1910 4251 perti·

270 4266 342 4321 ma,
356 4245 530 4312 secunddm
544 4248 700 4311 rationem
714 4247 1062 4326 lendstzeoenimqsaod
1113 4254 1200 4319 nent,
1220 4264 1282 4306 non
1308 4254 1383 4309 suut
1413 4249 1649 4327 vituperabiles,
1672 4250 1726 4311 sed
1747 4268 1909 4329 superes·

270 4336 315 4387 est
336 4326 504 4389 serrandum
521 4326 705 4404 dignitatem
723 4323 858 4402 seipsum
879 4324 1058 4404 dignificot.
1112 4324 1258 4386 cedentes
1269 4326 1455 4386 laudabiles.
1466 4328 1556 4400 Quod
1570 4328 1653 4388 enim
1665 4330 1772 4407 primb
1784 4332 1909 4391 dicitur

270 4410 306 4465 ut
321 4407 436 4467 ibidem
450 4405 577 4475 dieitur,
593 4404 670 4481 qnia
680 4402 802 4463 scilicet
815 4419 850 4463 se
863 4420 929 4463 non
942 4408 1061 4465 esten-
1111 4402 1195 4543 gardei
1207 4404 1431 4483 magnanimus
1452 4420 1515 4466 non
1531 4406 1624 4467 babel
1634 4407 1666 4465 in
1678 4408 1907 4470 memoriaeos

270 4484 367 4544 ditmi
383 4482 503 4561 majora
522 4480 620 4560 quim
632 4480 747 4559 dignus
762 4487 820 4541 est.
1144 4482 1260 4559 quilius
1277 4482 1427 4543 beneticia
1440 4484 1564 4561 recipit,
1589 4484 1834 4563 intelligendum
1858 4493 1909 4547 est

311 4562 356 4621 hd
382 4562 556 4621 seeundum
583 4560 752 4619 dicendum
785 4558 869 4636 qudd
900 4561 1060 4621 connexio
1111 4558 1267 4638 quantum
1280 4560 1317 4619 ad
1332 4560 1390 4620 hoe
1404 4560 1487 4639 qudd
1501 4578 1564 4623 non
1580 4562 1697 4623 estsibi
1713 4562 1908 4625 delectabile

272 4636 1057 4715 virtutemnonestinteiligendasccunddmactus,
1094 4637 1195 4715 ¹qudd
1227 4640 1268 4699 ab
1290 4638 1451 4714 aliquibus
1481 4639 1632 4701 benetiein
1655 4642 1802 4719 recipiat,
1823 4642 1907 4718 quin

271 4722 306 4778 ut
333 4716 454 4777 scilieet
482 4714 613 4777 c'uilibet
638 4720 797 4792 competat
827 4716 943 4776 habere
967 4722 1057 4778 actus
1111 4716 1156 4777 eis
1183 4716 1303 4793 majora
1325 4724 1541 4793 recornpensel
1562 4736 1570 4776 ι
1590 4718 1675 4795 quod
1696 4720 1837 4797 pertinet
1863 4720 1907 4779 asi

269 4795 412 4855 omnium
431 4795 593 4855 virtutum.
612 4792 699 4855 Unde
713 4798 804 4853 aetus
816 4794 1059 4872 magnanimita·
1111 4794 1335 4871 perlectionem
1352 4792 1564 4873 gratitudinis,
1588 4796 1620 4855 in
1635 4796 1726 4889 cujus
1740 4802 1817 4858 actu
1834 4798 1909 4859 ruit

268 4874 310 4935 tis
324 4890 471 4935 nouoom
495 4872 551 4934 etit
562 4872 692 4933 cuilibet
704 4870 865 4942 virtuoso,
885 4872 938 4931 sed
955 4872 1059 4933 solium
1111 4872 1382 4949 superexcellere,
1409 4872 1490 4932 sieut
1515 4878 1545 4933 et
1568 4872 1599 4933 in
1623 4878 1746 4935 actibus
1762 4874 1909 4937 aliarum

267 4949 405 5030 magnis.
508 4947 683 5011 secunddm
702 4950 857 5027 principia
885 4950 1056 5025 virtulum,
1111 4950 1275 5011 virtutum.
1298 4950 1448 5009 Similiter
1470 4950 1566 5011 eliam
1608 4952 1749 5013 seeundo
1782 4952 1909 5015 dicitur

267 5033 431 5110 quaesunt
450 5028 619 5107 prudentia
632 5032 664 5088 et
684 5028 805 5107 gralia,
821 5044 932 5088 omnes
950 5029 1059 5089 virtu-
1109 5027 1194 5105 qudd
1209 5035 1255 5089 esl
1271 5028 1391 5087 oliosns
1406 5034 1435 5088 et
1456 5028 1651 5102 lardus,non
1673 5032 1751 5107 quia
1773 5028 1910 5095 denelae

268 5115 315 5171 les
336 5113 411 5170 sunt
430 5124 585 5170 connexas
609 5104 784 5167 secunddm
807 5106 933 5165 habitus
961 5108 1058 5167 sinsui
1109 5108 1150 5167 ab
1171 5106 1333 5183 operando
1358 5124 1394 5167 ea
1418 5122 1491 5183 qun
1515 5108 1575 5167 sihi
1598 5109 1813 5177 conveniunt,
1844 5113 1910 5172 sesi

267 5188 301 5251 in
316 5185 425 5250 nnirlrd
439 5187 612 5249 existentes
632 5184 680 5245 aei
706 5183 738 5243 in
763 5189 835 5244 actu
858 5184 905 5242 sel
929 5184 961 5244 in
973 5202 1058 5275 pro·
1109 5184 1184 5261 quia
1200 5202 1263 5244 non
1279 5184 1393 5262 ingerit
1410 5202 1444 5245 se
1457 5186 1712 5263 quibuscumque
1726 5188 1912 5265 operibus,

267 5266 388 5344 pinqud
420 5264 640 5345 dispositione.
667 5262 707 5321 Et
734 5260 780 5323 sic
807 5265 909 5339 potest
939 5262 981 5322 an
1006 5264 1056 5323 uis
1109 5262 1162 5322 scd
1179 5260 1281 5325 soidm
1298 5262 1437 5355 arragois,
1454 5264 1563 5339 qualia
1581 5263 1791 5326 decenteum.
1811 5266 1913 5327 bici-

265 5344 318 5407 eui
334 5361 399 5405 nen
414 5342 564 5422 competit
576 5344 666 5402 actus
681 5338 972 5431 magnanimitatis,
1018 5356 1058 5401 a·
1109 5342 1162 5401 lur
1176 5342 1272 5402 eliam
1289 5340 1381 5401 tertio
1396 5340 1480 5419 qudd
1497 5343 1599 5405 utitur
1619 5342 1742 5414 ironia,
1759 5350 1825 5404 non
1841 5362 1912 5405 se-

267 5423 343 5484 berc
370 5422 515 5483 habitum
551 5416 842 5498 magnanimitatis,
875 5433 933 5494 per
960 5433 1057 5495 quem
1109 5418 1249 5479 eundum
1268 5417 1352 5499 qubd
1379 5420 1553 5499 opponitur
1567 5420 1704 5493 veritati,
1718 5426 1753 5481 ut
1777 5422 1913 5485 seilicet

266 5498 388 5565 scilieet
406 5500 586 5578 disponitur
601 5496 641 5558 ad
654 5497 750 5559 tatem
765 5500 872 5557 aetum
884 5512 1058 5572 exequeu-
1108 5496 1192 5558 dicat
1205 5498 1242 5559 de
1256 5514 1290 5559 so
1308 5496 1419 5577 aliqua
1437 5498 1530 5569 vilia,
1549 5513 1622 5577 qum
1643 5514 1707 5560 non
1729 5506 1824 5573 sunt,
1848 5504 1912 5563 vel

263 5577 361 5653 dum,
374 5578 402 5641 si
412 5579 472 5657 sibi
487 5573 661 5641 secunddm
686 5578 805 5637 statum
822 5590 916 5635 suum
929 5590 1057 5655 compo·
1110 5582 1204 5655 negot
1217 5576 1327 5654 aitqua
1342 5590 1469 5656 magna,
1481 5567 1553 5657 quim
1564 5581 1655 5650 sunt3
1671 5578 1725 5639 sed
1738 5578 1816 5657 quia
1832 5596 1910 5640 non

240 5682 245 5691 ·
266 5662 356 5719 taret
1109 5658 1207 5717 lotam
1216 5653 1464 5735 magnitudinem
1476 5671 1567 5717 suam
1578 5660 1745 5727 monstrat,
1756 5655 1911 5724 maximni

307 5734 351 5794 sd
365 5731 494 5795 tertium
509 5730 675 5793 dicendum
687 5728 773 5810 qodd
788 5730 972 5812 corporales
987 5748 1055 5795 mn·
1086 5810 1088 5815 ι
1109 5730 1265 5811 qnantum
1278 5731 1317 5795 ad
1331 5731 1517 5795 interiorum
1534 5734 1788 5797 multitudinem
1803 5734 1907 5815 qnia,
